3192 5050
795 622 1018 671 essm
1061 622 1412 671 w1LLELM1
1454 622 1661 671 nucis
1701 622 2252 675 NoRMANNoRUM.
2381 613 2501 676 103

522 761 774 827 facinus
799 765 1095 848 placeant
1119 765 1426 845 exemplo.
1511 765 1913 850 Quapropter
1935 788 2051 831 nos
2076 788 2281 850 operae
2304 771 2501 853 preti-

512 891 626 932 um
659 870 1049 931 arbitramur
1064 890 1254 952 quam
1280 870 1607 932 verissime
1630 871 1900 945 tradere,
1927 874 2224 953 quatinus
2240 873 2498 936 Willel-

509 994 650 1035 mus
687 974 791 1035 hic
832 974 1047 1055 (quem
1087 974 1327 1053 scripto
1362 991 1813 1055 propagamus,
1855 994 2043 1055 quem
2083 983 2220 1039 tam
2262 976 2497 1041 futuris

510 1097 701 1158 quam
725 1078 1156 1160 praesentibus,
1202 1078 1269 1138 in
1309 1077 1486 1139 nullo
1513 1077 1866 1156 displicere,
1908 1080 2038 1141 imo
2064 1081 2315 1141 cunctis
2359 1081 2496 1159 pla-

509 1200 650 1241 cere
674 1158 968 1259 optamus
981 1178 1025 1259 3)
1070 1179 1496 1244 cenomanico
1526 1178 1919 1259 Principatu,
1960 1184 2493 1262 quemadmodum

517 1282 746 1364 Regno
770 1282 1065 1365 Anglico,
1092 1304 1221 1347 non
1249 1285 1454 1346 solum
1482 1284 1638 1346 forti
1665 1302 1861 1345 manu
1887 1286 2129 1364 potitus
2154 1286 2367 1361 fuerit,
2387 1288 2499 1349 sed

511 1394 578 1449 et
596 1387 862 1467 justitiae
885 1386 1134 1469 legibus
1159 1388 1350 1466 potiri
1384 1388 1695 1451 debuerit.

603 1488 924 1552 Comitum
965 1491 1527 1573 Andegavensium
1581 1492 1936 1555 dominatio
1991 1492 2496 1555 Cenomanorum

516 1592 880 1656 Comitibus
919 1596 1168 1674 pridem
1197 1596 1411 1677 gravis
1435 1616 1510 1658 ac
1536 1616 1701 1676 pene
1727 1597 2152 1661 intolerabilis
2176 1599 2497 1666 extiterat.

515 1695 612 1759 Ut
637 1698 810 1759 enim
829 1698 958 1760 alia
975 1698 1253 1778 plurima
1266 1700 1584 1774 omittam,
1605 1701 1941 1763 novissime
1958 1710 2177 1764 nostra
2191 1702 2501 1763 memoria

517 1800 716 1864 Fulco
745 1803 1226 1885 Andegavensis
1242 1802 1638 1866 Hei-bertum
1660 1805 2151 1868 cenomanicum
2191 1808 2497 1887 majorem

520 1904 836 1969 Santonas
862 1906 1089 1982 illexit,
1117 1908 1452 1987 sponsione
1471 1910 1650 1971 urbis
1675 1910 1888 1989 ipsius.
1972 1909 2096 1984 Ibi,
2122 1910 2407 1972 vinctum
2426 1909 2497 1971 in

515 2009 728 2071 medio
767 2009 1097 2091 colloquio,
1139 2011 1223 2073 ad
1259 2012 1603 2090 pactiones,
1645 2032 1801 2095 quas
1842 2032 2033 2075 avare
2071 2012 2496 2091 concupierat,

521 2134 770 2176 carcere
795 2134 870 2176 ac
897 2115 1232 2177 tormentis
1258 2116 1485 2197 coe'git.

595 2217 910 2298 Tempore
948 2238 1099 2281 vero
1127 2218 1443 2301 HugoniS,
1489 2218 1844 2282 Graufredus
1887 2219 2231 2283 Martellus
2271 2221 2495 2282 urbem

523 2321 1023 2385 Cenomanicam
1058 2342 1220 2402 saepe
1273 2324 1420 2404 igne
1447 2324 1682 2405 injecto
1720 2324 2048 2397 cremavit,
2084 2342 2245 2402 saepe
2272 2323 2496 2385 militi-

514 2427 634 2489 bus
671 2428 799 2489 suis
853 2448 996 2489 eam
1045 2428 1113 2488 in
1155 2428 1434 2510 praedam
1481 2428 1827 2502 distribuit,
1865 2428 2237 2508 plerumque
2278 2429 2497 2491 vineas

515 2534 683 2596 circa
727 2535 860 2614 ejus
906 2533 1221 2595 ambitum
1269 2533 1635 2612 extirpavit,
1674 2533 2035 2614 aliquande,
2080 2532 2338 2614 expulso
2386 2535 2495 2615 qui

509 2641 678 2718 juste
703 2637 1016 2719 praesedit,
1062 2635 1180 2698 soli
1207 2637 1488 2699 dominio
1515 2655 1627 2698 suo
1667 2656 1810 2697 eam
1848 2636 2215 2699 vindicavit.
2296 2634 2496 2718 Hugo

513 2742 952 2804 haereditatem
979 2759 1164 2803 suam
1192 2738 1556 2802 Hereberto
1573 2739 1835 2821 reliquit
1848 2739 2003 2815 filio,
2029 2748 2099 2802 et
2125 2740 2496 2802 inimicitias

515 2846 787 2908 easdem.
867 2843 999 2907 Hic
1032 2842 1339 2907 Gaufredi
1363 2844 1702 2924 tyrannide
1729 2852 2019 2906 metuens
2044 2845 2307 2907 omnino
2327 2845 2495 2906 dele-

516 2951 592 3024 ri,
634 2948 1049 3013 Normanniae
1075 2948 1300 3010 ducem
1328 2946 1755 3022 Willelmum,
1797 2949 1914 3010 sub
1942 2966 2065 3029 quo
2091 2956 2271 3012 tutus
2308 2949 2493 3025 foret,

517 3054 779 3133 supplex
804 3053 985 3126 adiit,
1004 3053 1302 3114 manibus
1326 3053 1389 3114 ei
1415 3071 1548 3114 sese
1569 3051 1765 3127 dedit,
1793 3061 2026 3114 cuncta
2052 3072 2166 3115 sua
2191 3054 2274 3115 ab
2298 3073 2392 3127 eo,
2419 3060 2495 3115 ut

516 3156 700 3218 miles
725 3175 766 3218 a
791 3156 1065 3230 domin0,
1085 3156 1344 3235 recepit,
1370 3163 1741 3218 cunctorum
1768 3155 2175 3237 singulariter
2196 3177 2341 3218 eum
2368 3164 2495 3218 sta-

516 3267 702 3322 tuens
751 3260 1086 3334 haeredem,
1137 3261 1192 3321 si
1237 3280 1366 3322 non
1411 3260 1707 3342 gigneret
1746 3259 1944 3321 alium
2046 3258 2381 3334 Praeterea‚
2420 3269 2496 3321 ut

517 3364 912 3446 conjunctius
951 3365 1301 3444 attingeret
1338 3372 1592 3424 tantum
1632 3363 1841 3425 virum
1881 3363 2014 3441 ipse
2053 3369 2122 3423 et
2158 3364 2497 3441 posteritas

518 3469 713 3547 ipsius
751 3466 952 3530 Ducis
985 3468 1047 3528 ei
1071 3466 1208 3529 filia
1240 3467 1448 3546 petita
1475 3474 1664 3548 atque
1699 3473 1889 3546 pacta
1915 3474 2028 3528 est.
2114 3465 2266 3548 Quae
2290 3467 2494 3545 prius-

520 3592 709 3653 quam
736 3572 983 3634 nubiles
1027 3574 1414 3651 pervenisset
1439 3572 1523 3634 ad
1549 3591 1765 3644 annOS,
1792 3570 2016 3633 morbo
2041 3571 2173 3650 ipse
2212 3571 2493 3633 interiit:

517 3696 662 3739 suos
687 3677 755 3737 in
796 3677 934 3756 ipso
960 3674 1086 3737 fine
1121 3677 1448 3738 obtestans
1474 3684 1540 3737 et
1566 3677 1919 3748 obsecrans,
1974 3681 2016 3709 “
2031 3695 2113 3736 ne
2143 3683 2494 3756 quaererent

522 3781 718 3843 alium
745 3789 976 3861 praeter
1003 3801 1190 3862 quem
1218 3781 1350 3860 ipse
1378 3780 1707 3843 dominum
1736 3780 1844 3853 eis,
1871 3778 2185 3841 haeredem
2212 3780 2351 3854 sibi,
2394 3801 2494 3842 re-

519 3884 854 3967 linqueret.
937 3882 1058 3945 Cui
1096 3885 1151 3946 si
1175 3885 1458 3947 volentes
1484 3891 1770 3965 pareant,
1812 3883 1950 3945 leve
1978 3883 2308 3945 servitium
2335 3883 2493 3946 tole-

521 3998 771 4052 raturos
798 3988 969 4051 fore:
1010 3989 1064 4050 si
1091 3989 1157 4051 vi
1199 3989 1463 4063 subacti,
1519 3987 1788 4049 forsitan
1829 4007 2042 4068 grave.
2126 3986 2492 4050 Potentiam

523 4093 710 4169 illius,
749 4093 1176 4175 prudentiam,
1202 4092 1665 4166 fortitudinem,
1707 4090 1997 4172 gloriam,
2024 4111 2268 4154 necnon
2295 4113 2495 4174 genus

525 4199 857 4280 antiquum
885 4197 1051 4278 ipsos
1076 4198 1315 4279 optime
1355 4217 1557 4260 nosse.
1646 4194 1779 4258 Sub
1826 4215 1901 4258 eo
1948 4197 2207 4278 praeside
2235 4206 2494 4278 agentes

527 4301 856 4364 formidini
881 4302 1016 4365 fore
1044 4302 1389 4382 quibusque
1411 4297 1817 4364 confinibus.’'
