3192 5050
718 581 796 643 18
1101 594 1313 642 semp,
1342 592 1589 639 RERUM
1615 586 1806 639 ens'r.
1843 591 2196 638 WILLELMI
2226 593 2274 638 1.

714 733 966 796 comitis
1007 731 1118 795 sed
1156 731 1366 812 prima
1406 749 1521 792 sua
1556 729 1618 790 ei
1643 729 2039 801 mandasset3
2080 728 2290 808 prima
2333 727 2506 798 enim
2546 729 2680 806 ejus

715 837 920 898 multo
963 836 1149 897 citius
1188 841 1350 896 esset
1392 854 1579 914 quam
1624 833 1834 914 prima
1861 833 2133 906 comitis,
2179 839 2246 892 et
2270 832 2414 894 ideo
2457 851 2679 893 verum

715 939 841 1000 fuit
861 939 1027 1020 quod
1052 939 1234 1010 dixit,
1262 935 1438 998 Dum
1457 956 1609 997 vero
1635 935 1705 995 in
1733 934 1847 996 illa
1871 942 2055 996 nocte
2087 935 2332 996 sederet
2359 934 2443 994 ad
2467 932 2678 994 focum

716 1043 815 1105 sui
839 1042 1122 1123 hospitis,
1170 1048 1237 1102 et
1264 1059 1408 1101 suus
1434 1039 1660 1119 hospes
1700 1039 1778 1098 de
1818 1036 2038 1099 multis
2065 1058 2210 1099 eum
2236 1038 2682 1118 interrogaret,

715 1153 785 1207 et
835 1145 1111 1206 maxime
1164 1143 1245 1203 de
1298 1141 1409 1203 illo
1456 1141 1709 1218 comite,
1771 1141 1826 1201 si
1887 1141 2213 1221 generatio
2277 1139 2390 1201 illa
2443 1140 2682 1200 diutius

715 1254 1023 1320 maneret,
1050 1246 1373 1327 respondit
1400 1244 1576 1312 illam
1607 1245 1846 1305 diutius
1863 1264 2155 1317 manere3
2182 1242 2461 1324 illudque
2483 1244 2680 1324 impe-

715 1352 883 1412 rium
910 1369 1103 1431 usque
1128 1349 1212 1410 ad
1236 1349 1571 1430 septimam
1617 1349 2094 1430 generationem
2129 1346 2406 1408 virilitas
2431 1347 2678 1408 durare.

718 1453 927 1534 Quum
943 1454 1158 1534 itaque
1174 1452 1399 1534 hospes
1419 1452 1779 1532 inquisisset
1800 1451 1951 1532 quid
1969 1458 2111 1532 post
2131 1451 2464 1531 septimam
2491 1470 2680 1531 gene-

715 1558 1030 1619 rationem
1057 1541 1345 1618 futurum
1372 1563 1552 1628 esset,
1593 1555 1756 1615 nihil
1785 1555 1986 1617 voluit
2012 1555 2425 1636 respondere3
2465 1554 2575 1615 sed
2602 1554 2680 1616 de

714 1679 842 1721 uno
867 1658 1140 1733 fussello,
1183 1678 1368 1739 quem
1394 1677 1590 1719 manu
1616 1658 1894 1730 tenebat,
1920 1657 2111 1738 eoepit
2154 1678 2269 1738 per
2293 1658 2532 1718 cineres
2557 1656 2682 1718 foci

716 1762 894 1843 quasi
932 1762 1097 1823 reias
1140 1760 1382 1834 facere3
1424 1768 1491 1822 et
1516 1780 1710 1841 quum
1735 1760 1960 1840 hospes
1995 1779 2141 1821 suus
2166 1761 2573 1821 vehementer
2599 1762 2682 1823 ab

714 1885 790 1927 eo
816 1865 1117 1946 exigeret,
1145 1865 1298 1944 quid
1323 1872 1465 1946 post
1490 1864 1825 1944 septimam
1857 1864 2333 1945 generationem
2361 1864 2682 1924 eveniret:

714 1969 795 2029 de
834 1969 970 2049 ipso
1008 1966 1262 2028 fussello
1302 1987 1488 2048 quem
1522 1987 1719 2028 manu
1761 1967 2038 2040 tenebat,
2083 1967 2478 2028 commiscuit
2518 1969 2682 2030 reias

717 2091 871 2152 quas
910 2072 977 2131 in
1021 2069 1336 2131 cineribus
1380 2069 1650 2142 fecerat3
1693 2090 1772 2130 ex
1813 2089 1936 2150 quo
1981 2071 2162 2150 signo
2203 2070 2371 2151 quod
2423 2069 2680 2144 fecerat,

717 2174 1015 2236 arbitrati
1041 2180 1207 2246 sunt,
1256 2173 1423 2253 quod
1457 2179 1600 2254 post
1633 2172 1968 2253 septimam
2005 2173 2480 2254 generationem
2521 2172 2681 2234 fflud

717 2277 1056 2358 imperium
1100 2275 1203 2338 vel
1255 2273 1571 2349 deficeret,
1609 2274 1715 2342 vel
1764 2295 2034 2356 magnas
2081 2282 2408 2356 pateretur
2449 2276 2683 2337 dissen—

716 2381 965 2443 sionum
992 2379 1456 2442 tribulationes.

798 2482 1167 2549 Willelmus
1219 2503 1370 2545 vero
1422 2481 1592 2546 filius
1637 2487 1789 2566 ejus,
1843 2485 2006 2548 sieut
2059 2484 2318 2566 quidam
2369 2484 2684 2559 dixerunt,

718 2586 1088 2647 interfectus
1140 2593 1238 2646 est
1282 2606 1398 2667 per
1457 2588 1868 2649 traditionem
1916 2609 1958 2650 a
2010 2588 2283 2669 quodam
2325 2589 2556 2650 comite
2615 2588 2685 2648 in

719 2689 1021 2763 Pontei03
1073 2710 1259 2770 quem
1315 2710 1509 2771 quum
1559 2691 1965 2753 interfectum
2021 2690 2256 2753 Franci
2307 2692 2686 2765 audiissent3

718 2814 869 2855 mox
894 2796 1029 2874 ejus
1068 2792 1274 2854 filium
1303 2792 1650 2856 Ricardum
1677 2802 2000 2876 ceperunt,
2037 2803 2104 2857 et
2144 2796 2212 2856 in
2254 2792 2592 2857 Franciam
2620 2796 2688 2855 in

719 2897 1077 2977 captionem
1125 2896 1459 2958 duxerunt.
1570 2895 1702 2958 Hic
1733 2896 2106 2960 Willelmus
2157 2897 2436 2959 habebat
2489 2918 2686 2959 unum

718 2997 1083 3061 scriniolum
1100 2999 1179 3059 de
1196 3018 1319 3079 quo
1346 2999 1477 3079 ipse
1506 3019 1753 3080 semper
1776 3001 2074 3081 portabat
2099 2998 2496 3073 claviculum,
2523 3000 2690 3081 quod

720 3100 1137 3164 diffirmantes
1181 3110 1515 3184 postquam
1542 3102 1914 3165 interfectus
1950 3110 2064 3177 est,
2110 3103 2272 3163 nihil
2300 3103 2368 3162 in
2409 3123 2485 3165 eo
2511 3102 2687 3164 aliud

720 3204 1117 3278 invenerunt,
1158 3205 1284 3266 nisi
1322 3225 1515 3266 unam
1563 3206 1941 3268 stamineam
1981 3226 2172 3286 quam
2213 3204 2476 3279 solebat,
2523 3206 2688 3267 sicut

718 3307 1066 3382 dicebatur,
1109 3308 1176 3368 in
1222 3305 1720 3390 Quadragesima
1770 3308 1874 3370 vel
1910 3309 1978 3368 in
2025 3307 2168 3369 aliis
2221 3307 2442 3369 diebus
2494 3306 2688 3369 afflic-

719 3411 913 3473 tionis
937 3419 1211 3493 portare.
1280 3408 1456 3472 Dani
1495 3419 1714 3473 autem
1759 3412 2090 3472 audientes
2118 3411 2285 3491 quod
2326 3408 2560 3472 Franci
2591 3411 2688 3471 in-

718 3515 1055 3577 terfectum
1128 3516 1497 3578 habuissent
1550 3514 1958 3577 Willelmum
2029 3522 2359 3597 parentem
2411 3513 2686 3591 illorum,

716 3637 845 3679 non
888 3638 1118 3700 parum
1161 3619 1315 3681 irati
1362 3620 1441 3681 de
1490 3620 1631 3693 hoc,
1675 3639 1866 3700 quam
1914 3618 2103 3679 citius
2147 3624 2490 3699 potuerunt
2541 3638 2685 3678 cum

716 3741 957 3803 magna
1004 3722 1418 3785 multitudine
1490 3730 1938 3805 pugnatorum,
2007 3721 2558 3801 transnavigantes
2616 3721 2685 3782 in

718 3822 1190 3895 Normanniam
1216 3828 1297 3889 ad
1318 3834 1573 3909 portum
1602 3825 1786 3889 Divae
1812 3826 2272 3897 arrivaverunt,
2299 3830 2522 3884 contra
2536 3843 2689 3903 quos

716 3948 828 3991 rex
856 3926 1142 3991 Franciae
1166 3952 1311 3992 cum
1337 3951 1465 3993 non
1502 3951 1701 4012 parva
1724 3928 2140 3991 multitudine
2171 3926 2451 3987 militum
2471 3926 2648 3988 venit
2669 3946 2686 4003 3

716 4032 771 4092 si
795 4031 959 4093 forte
987 4042 1197 4115 posset
1223 4035 1365 4098 illos
1391 4035 1736 4117 pugnando
1762 4034 1841 4094 de
1868 4030 2458 4094 terraNormanniae
2485 4030 2694 4111 expel-

712 4132 883 4210 lere;
922 4138 1181 4203 veniens
1232 4139 1447 4221 itaque
1472 4138 1605 4201 fere
1631 4138 1715 4199 ad
1733 4158 1927 4219 usque
1977 4137 2138 4211 illos,
2190 4136 2411 4197 timuit
2447 4155 2593 4212 cum
2620 4135 2700 4197 iis
