3192 5050
724 618 842 679 140
1097 634 1312 681 semp,
1352 631 1595 679 RERUM
1636 630 1826 678 GEsT.
1868 628 2219 677 WILLELMI
2252 608 2298 677 1'.

724 799 924 860 neque
954 787 1198 841 naturae
1232 777 1334 840 vel
1365 779 1568 860 operis
1602 777 2013 850 munimento,
2048 796 2248 856 neque
2283 776 2679 839 multitudini

723 883 1000 944 virorum
1048 881 1386 944 confidunt.
1469 880 1683 943 Situm
1728 888 1827 944 est
1884 881 1950 941 id
2006 880 2333 942 castellum
2397 882 2465 942 in
2524 903 2677 965 rupe

724 986 888 1047 mari
932 987 1248 1067 contigua,
1289 1004 1428 1067 quae
1473 984 1855 1047 naturaliter
1899 992 2087 1047 acuta
2131 984 2403 1067 undique
2451 986 2534 1047 ad
2558 986 2678 1047 hoc

723 1088 1120 1152 ferramentis
1158 1090 1476 1152 elaborate
1515 1090 1732 1162 incisa,
1774 1089 1841 1149 in
1882 1089 2148 1171 speciem
2188 1090 2354 1150 muri
2399 1088 2679 1152 directis-

721 1196 884 1257 sima
923 1196 1277 1271 altitudine,
1325 1202 1629 1277 quantum
1672 1194 1917 1275 sagittae
1958 1196 2163 1274 jactus
2207 1195 2532 1275 permetiri
2571 1204 2679 1277 po-'

720 1306 864 1371 test,
891 1300 1228 1381 consurgit,
1253 1318 1377 1380 quo
1401 1300 1467 1360 in
1493 1298 1691 1359 latere
1717 1297 1888 1358 unda
1912 1296 2159 1357 marina
2176 1296 2451 1360 alluitur.
2521 1297 2680 1360 Cum

724 1409 940 1463 tamen
989 1402 1329 1465 Castellani
1373 1401 1678 1483 supplices
1722 1401 2105 1463 deditionem
2151 1410 2463 1482 pararent,
2492 1404 2680 1464 armi-

721 1508 860 1589 geri
900 1508 1206 1569 exercitus
1229 1506 1429 1568 nostri
1469 1506 1693 1588 praedae
1723 1505 2011 1587 cupidine
2057 1506 2270 1586 ignem
2315 1507 2681 1587 injecerunt.

723 1610 1016 1673 Flamma
1052 1611 1310 1673 levitate
1349 1630 1462 1672 sua
1500 1609 1773 1672 volitans
1816 1608 2110 1691 pleraque
2134 1612 2455 1693 corripuit.
2533 1611 2680 1674 Dux

719 1714 938 1777 nolens
957 1714 1354 1777 incommoda
1377 1733 1615 1787 eorum,
1640 1714 1748 1795 qui
1772 1734 1979 1775 secum
2000 1714 2468 1777 deditionaliter
2492 1736 2679 1797 agere

717 1827 1050 1900 coeperant,
1077 1818 1350 1899 pretium
1377 1817 1554 1879 dedit
1591 1818 2119 1879 restituendarum
2144 1820 2391 1894 aedium,
2432 1820 2678 1902 aliaque

715 1923 945 1985 amissa
988 1922 1496 2004 recompensavit.
1583 1920 1871 1984 Severius
1912 1923 2331 1985 animadverti
2357 1926 2677 2007 praecepis—

713 2037 810 2091 set
838 2030 903 2089 in
930 2036 1215 2091 auctores
1232 2027 1523 2100 incendii,
1549 2028 1619 2087 ni
1637 2026 1849 2089 vilitas
1875 2035 1940 2089 et
1966 2030 2379 2091 numerositas
2404 2030 2677 2111 ipsorum

713 2132 1146 2196 occultavisset
1172 2152 1293 2194 eoS.
1374 2130 1652 2213 Recepto
1678 2139 1900 2205 castro,
1940 2152 2077 2213 quae
2116 2134 2323 2195 minus
2360 2143 2544 2196 erant
2569 2156 2681 2217 per

713 2239 846 2299 dies
889 2246 1032 2300 octo
1076 2237 1324 2299 addidit
1368 2235 1786 2298 firmamenta.
1871 2235 2115 2298 Milites
2160 2237 2289 2299 illie
2328 2241 2681 2301 recentibus

712 2343 1004 2403 carnibus
1029 2349 1095 2403 et
1121 2360 1286 2422 aqua
1310 2328 1576 2415 utentes,
1604 2341 1792 2403 multi
1817 2340 2125 2423 profluvio
2151 2344 2388 2405 ventris
2414 2343 2677 2406 extincti

713 2455 878 2521 sunt,
932 2446 1188 2529 plurimi
1240 2448 1306 2506 in
1360 2454 1710 2523 extremum
1767 2447 1911 2508 vitae
1956 2445 2272 2509 debilitati
2326 2449 2678 2511 discrimen.

714 2552 998 2614 Adversa
1021 2559 1235 2612 tamen
1263 2559 1328 2612 et
1347 2551 1480 2612 haec
1506 2551 1940 2613 fortitudinem
1969 2550 2165 2614 Ducis
2191 2573 2316 2614 non
2336 2553 2677 2635 fregerunt.

715 2656 1078 2719 Custodiam
1132 2656 1289 2717 inibi
1344 2676 1583 2736 quoque
1631 2655 2004 2738 relinquens,
2031 2666 2096 2719 et
2138 2658 2493 2739 dysenteria
2544 2661 2677 2722 lan-

711 2768 1016 2841 guentes3
1084 2760 1165 2820 ad
1218 2760 1712 2841 perdomandum
1760 2780 1911 2841 quos
1964 2760 2194 2825 devicit
2246 2763 2676 2844 proficiscitur.

723 2863 1074 2926 Occurrunt
1098 2863 1265 2925 ultro
1306 2860 1634 2925 Cantuarii
1658 2864 1827 2926 haud
1852 2865 2066 2948 procul
2091 2855 2132 2929 a
2157 2866 2427 2943 Dovera,
2460 2871 2679 2950 jurant

712 2968 1103 3041 fidelitatem,
1171 2968 1325 3029 dant
1376 2968 1638 3030 obsides.
1738 2967 2131 3033 Contremuit
2197 2974 2392 3034 etiam
2457 2983 2678 3055 potens

715 3073 1088 3154 Metropolis
1114 3081 1306 3147 metu,
1335 3081 1418 3146 et,
1447 3094 1526 3134 ne
1563 3074 1847 3136 funditus
1885 3076 2135 3138 caderet
2161 3077 2475 3140 ullatenus
2501 3080 2677 3141 resis-

714 3179 925 3252 tendo,
952 3179 1299 3240 maturavit
1326 3179 1665 3260 impetrare
1692 3188 1927 3242 statum
1955 3182 2319 3244 obediendo.
2397 3182 2678 3246 Veniens

712 3292 962 3367 postero
988 3284 1089 3344 die
1116 3283 1198 3344 ad
1225 3281 1526 3344 Fractam
1568 3283 1823 3346 Turrim
1863 3300 2069 3348 castra
2104 3295 2378 3349 metatus
2404 3297 2515 3362 est,
2557 3310 2679 3371 quo

717 3390 784 3448 in
810 3388 947 3450 loco
972 3388 1342 3469 gravissima
1367 3389 1462 3448 sui
1482 3390 1756 3470 corporis
1774 3389 2131 3452 valetudine
2148 3393 2390 3454 animos
2410 3393 2678 3455 familia-

717 3493 884 3553 rium
919 3493 1056 3574 pari
1084 3493 1482 3554 conturbavit
1506 3495 1895 3573 aegritudine.
1975 3494 2215 3558 Volens
2240 3507 2452 3559 autem
2478 3499 2682 3580 publi-

719 3618 861 3658 cum
888 3598 1142 3670 bonum,
1184 3617 1265 3657 ne
1292 3599 1596 3658 exercitus
1624 3607 1902 3679 egestate
1942 3621 2151 3661 rerum
2191 3603 2677 3664 necessariarum

717 3701 1051 3776 laboraret,
1079 3701 1281 3762 noluit
1301 3700 1624 3790 indulgere
1645 3704 1764 3764 sibi
1778 3725 1985 3766 moras
2010 3705 2101 3766 ibi
2128 3707 2389 3786 agendo.
2473 3705 2679 3788 Quan-

719 3825 906 3886 quam
953 3805 1146 3866 fuerit
1191 3825 1517 3866 commune
1559 3805 1923 3888 proficuum,
1963 3830 2035 3871 ac
2080 3809 2264 3872 valde
2308 3810 2678 3891 optandum,

716 3911 1026 3989 optimum
1052 3908 1296 3971 Ducem
1323 3910 1404 3970 ad
1430 3912 1766 3973 sanita-tem
1792 3914 2136 3976 convalere.

799 4011 1054 4074 Interea
1117 4013 1458 4094 Stigandus
1527 4014 1991 4081 Cantuariensis
2044 4019 2480 4102 Archipraesul,
2552 4019 2678 4100 qui,

717 4119 877 4179 sicut
898 4117 1240 4180 excellebat
1278 4121 1500 4200 opibus
1533 4131 1722 4204 atque
1750 4124 2080 4205 dignitate,
2101 4126 2195 4186 ita
2218 4125 2517 4186 consultis
2543 4125 2678 4206 plu-

715 4223 946 4283 rimum
975 4223 1142 4303 apud
1169 4223 1411 4303 Anglos
1436 4234 1702 4306 poterat,
1739 4249 1881 4289 cum
1916 4228 2064 4291 filiis
2106 4229 2376 4310 Algardi
2419 4230 2677 4311 aliisque

713 4327 1199 4409 praepotentibus
1265 4329 1547 4410 praelium
1617 4333 1910 4394 minatur.
2021 4333 2256 4416 Regem
2327 4341 2678 4397 statuerant
