3192 5050
631 577 710 642 74

1031 593 1244 642 SCRIP.
1286 595 1530 642 RERUM
1569 595 1761 642 GEST.
1804 593 2156 641 WILLELMI
2198 592 2244 638 1.

935 736 1072 800 Vos
1097 739 1374 800 sensistis
1402 739 1554 819 quid
1580 745 1787 820 posset
1812 737 2038 811 facere,

939 841 1062 924 Qui
1089 842 1331 904 solebat
1350 863 1464 923 per
1488 862 1670 903 arma
1694 842 1964 904 vincere.

939 947 1253 1029 Magnum
1280 948 1403 1009 fuit
1422 949 1601 1010 vobis
1625 947 1911 1021 exitium,

943 1049 1070 1113 Sed
1096 1053 1177 1114 ob
1204 1053 1398 1114 vestri
1425 1055 1592 1134 regis
1629 1055 1995 1134 perjurium,

942 1155 1284 1239 Postquam
1313 1178 1425 1219 suo
1446 1159 1659 1240 junxit
1686 1158 1971 1238 imperiO,

940 1259 1077 1323 Vos
1102 1263 1405 1324 tractavit
1429 1263 1612 1343 regni
1632 1262 1889 1343 judicio.

947 1363 1052 1426 Sic
1079 1366 1314 1428 devicit
1338 1374 1627 1447 potentes
1648 1365 1919 1447 Angliae,

945 1467 1126 1550 Quod
1154 1471 1406 1531 inclusit
1432 1471 1729 1552 superbos
1757 1467 2002 1542 Daniae,

945 1572 1225 1654 Magnus
1250 1575 1451 1636 honor
1478 1575 1556 1635 de
1591 1575 1712 1636 tali
1740 1573 2037 1646 Domino,

945 1677 1224 1758 Magnus
1251 1679 1430 1740 dolor
1453 1680 1532 1740 de
1558 1680 1707 1742 vitae
1734 1680 2026 1752 terminO,

945 1781 1085 1844 Rex
1112 1783 1446 1845 Willelme
1473 1790 1538 1844 te
1568 1783 1810 1844 claudit
1836 1782 2135 1857 tumulus,

951 1887 1078 1950 Sed
1096 1909 1211 1970 per
1235 1890 1453 1951 orbem
1481 1898 1546 1951 te
1572 1888 1822 1970 plangit
1847 1887 2113 1969 populus
2142 1907 2156 1947 :

947 1993 1272 2076 Plangunt
1299 2017 1516 2058 omnes
1542 1996 1715 2058 facta
1752 1995 2041 2070 mirifica,

943 2095 1328 2179 'LasgitateS‚
1365 2101 1534 2162 bella
1559 2100 1841 2182 pacifica.

948 2202 1201 2285 Quanto
1227 2208 1432 2287 magis
1450 2207 1755 2269 labuntur
1779 2216 2068 2288 tempora

949 2308 1158 2372 Tanto
1186 2311 1264 2372 de
1291 2319 1357 2372 te
1385 2312 1701 2393 suspirant
1727 2319 2001 2392 pectora.

947 2413 1240 2495 Quisquis
1266 2416 1390 2477 iret
1425 2436 1537 2495 per
1561 2424 1740 2477 tuam
1767 2417 2042 2496 patriam

949 2516 1088 2580 Nec
1114 2521 1386 2582 timebat
1411 2520 1611 2582 hostis
1644 2521 1963 2601 injuriam.

950 2622 1170 2685 Timor
1196 2645 1335 2686 eras
1354 2627 1421 2685 in
1448 2626 1877 2698 multitudine,

953 2725 1268 2788 Securitas
1295 2728 1362 2787 in
1383 2728 1738 2789 solitudine.

950 2828 1141 2891 Nunc
1168 2852 1246 2891 ex
1271 2831 1410 2911 lege
1438 2853 1564 2893 non
1593 2841 1690 2894 est
1723 2834 2043 2906 securitas,

952 2932 1142 2995 Nunc
1169 2934 1452 2996 defendit
1479 2956 1591 2997 sua
1617 2935 1983 3017 pluralitas:

951 3037 1101 3099 Heu
1128 3047 1269 3120 post
1294 3042 1460 3100 tanti
1486 3042 1787 3121 principis
1819 3041 2085 3114 obitum,

955 3142 1253 3205 Summus
1279 3144 1481 3205 honor
1507 3145 1716 3205 tendit
1742 3146 1824 3205 ad
1864 3147 2123 3206 exitum.

954 3245 1148 3308 Casus
1175 3247 1282 3308 ille
1309 3248 1703 3328 plangendus
1729 3250 2019 3322 nimium,

957 3350 1074 3431 Qui
1103 3353 1325 3412 honori
1354 3362 1611 3433 praestat
1640 3353 1918 3413 exilium.

956 3456 1154 3516 Terra
1181 3459 1305 3517 suis
1332 3458 1556 3518 orbata
1582 3459 1823 3518 viribus

953 3558 1175 3621 Pressa
1195 3567 1364 3641 Jaces
1391 3562 1596 3641 longis
1623 3563 2010 3636 mom-oribus,

950 3663 1039 3725 Et
1058 3667 1306 3737 meritO,
1333 3686 1481 3725 nam
1508 3665 1671 3726 nulli
1697 3666 1919 3726 similis

954 3767 1072 3830 Ille
1093 3776 1332 3851 potenS,
1360 3768 1467 3829 ille
1493 3769 1824 3830 mirabilis,
