3192 5050
779 623 936 671 wm.
976 621 1261 670 CARMEN
1301 621 1393 669 DE
1434 620 1812 676 HASTINGAE
1851 618 2144 667 PROELIO.

662 764 865 848 Quam
891 767 1165 827 mundus
1190 764 1489 838 celebrat,
1516 765 1807 849 proxima
1830 764 1940 825 lux
1966 763 2230 834 aderat3

584 866 664 930 In
692 889 881 951 quam
907 869 1321 952 promeritam
1346 869 1628 950 disponit
1655 869 1821 930 ferre
1848 883 2154 929 coronam·

660 971 750 1034 Et
776 974 953 1036 ducis
977 975 1227 1056 abjecto
1250 974 1507 1037 nomine
1534 993 1647 1034 rex
1671 970 1831 1033 fieri.

584 1076 763 1139 Auro
786 1077 891 1140 vel
915 1079 1187 1160 gemmis
1204 1079 1389 1159 jubet
1414 1085 1491 1138 ut
1510 1077 1634 1138 sibi
1659 1074 1872 1139 nobile
1898 1082 2172 1136 stemma

660 1179 837 1244 Illud
862 1203 987 1264 quo
1011 1183 1235 1245 deceat
1260 1181 1377 1244 fiat
1404 1182 1487 1245 ab
1512 1180 1779 1244 artifice.

583 1284 771 1348 Misit
797 1287 1009 1349 Arabs
1034 1307 1280 1361 aurum,
1319 1305 1606 1369 gemmas
1631 1304 1674 1346 a
1699 1283 1964 1346 flumine
1993 1278 2204 1354 Nilus,

663 1388 893 1453 Grecia
916 1392 1297 1472 prudentem
1323 1391 1547 1472 dirigit
1572 1397 1712 1451 arte
1739 1387 2012 1465 fabrum,

584 1493 708 1576 Qui
738 1492 1267 1571 Salomoniacum,
1306 1497 1417 1558 vix
1440 1495 1720 1556 deterior
1750 1491 2106 1565 Salomone,

664 1599 1016 1664 Mirificum
1042 1601 1196 1662 fecit
1218 1609 1291 1662 'et
1316 1600 1616 1662 diadema
1639 1599 1884 1661 decens.

583 1705 907 1788 Principio
931 1705 1160 1768 frontis
1184 1706 1468 1767 medium
1488 1705 1906 1768 carbunculus
1929 1713 2155 1780 ornat3

661 1809 966 1874 Posthinc
985 1811 1303 1892 jacinctus
1327 1809 1553 1872 lucifer
1576 1810 1932 1891 insequitur
1954 1830 1970 1882 ;

585 1914 841 1978 Tertius
864 1915 1125 1979 aurifico
1150 1915 1509 1997 resplendet
1535 1916 1604 1976 in
1630 1916 1782 1977 orbe
1800 1922 2071 1997 topazon
2091 1936 2108 1989 ;

668 2018 973 2102 Saphirus
1000 2028 1297 2101 quartum
1324 2020 1492 2082 ditat
1517 2019 1755 2082 honore
1781 2021 2089 2101 gradum3

588 2123 969 2188 Sardonicus
994 2127 1252 2208 quintus
1277 2125 1523 2207 regales
1547 2125 1799 2187 obsidet
1825 2145 2028 2200 aures,

665 2228 785 2292 Oui
811 2229 1207 2293 calcedonius
1233 2231 1455 2292 ordine
1482 2239 1696 2292 sextus
1719 2231 1893 2304 adim

586 2332 910 2416 Septimus
936 2342 1031 2397 est
1050 2336 1267 2416 jaspis,
1306 2334 1525 2416 procul
1550 2355 1593 2396 a
1618 2355 1742 2416 quo
1761 2335 2023 2416 pellitur
2047 2333 2288 2408 hostis3

670 2435 931 2499 Sardius
955 2445 1215 2501 octavus
1240 2439 1600 2518 ignivomus
1627 2439 1885 2513 rutilat3

584 2540 841 2624 Figitur
866 2543 935 2604 in
960 2562 1131 2605 nona
1148 2542 1311 2605 cella
1337 2542 1448 2605 lux
1479 2543 1991 2625 chrysolithana;

666 2644 907 2728 Tuque,
932 2646 1191 2727 berylle,
1217 2645 1427 2709 locum
1454 2646 1764 2710 clarificas
1788 2648 2104 2710 decimum
2127 2667 2144 2721 3

2389 599 2472 662 49

586 2750 1012 2814 Undecimum
1037 2751 1261 2813 viridis
1286 2772 1620 2813 numerum
1647 2753 2018 2834 smaragdus
2043 2748 2391 2833 adimplet3

664 2855 841 2917 Huic
867 2875 1109 2938 quoque
1137 2854 1579 2937 chrysoprasus
1605 2856 1732 2918 fert
1757 2855 2082 2919 duodenus
2106 2875 2291 2938 opem
2314 2876 2331 2930 ;

583 2958 866 3022 Verticis
892 2961 959 3021 in
986 2980 1233 3024 summo
1259 2968 1389 3023 stat
1414 2961 1770 3041 margarita
1793 2980 2104 3041 suprema,

666 3063 819 3146 Quae
844 3064 967 3127 sibi
992 3065 1319 3147 subposita
1342 3064 1483 3127 luce
1510 3064 1714 3146 replet
1738 3063 1980 3146 lapides
2002 3086 2018 3140 ;

586 3168 669 3231 In
695 3172 792 3251 cuj
798 3190 872 3231 us
896 3169 1123 3231 dextra
1147 3168 1292 3231 leva
1332 3188 1577 3251 quoque
1606 3175 1787 3251 parte
1815 3168 2026 3231 locata

667 3271 787 3335 Est
811 3273 1139 3336 amethisti
1162 3272 1292 3348 lux,
1331 3274 1435 3334 cui
1462 3272 1634 3335 color
1659 3282 1755 3335 est
1780 3274 2089 3354 geminus.

584 3374 903 3440 Ethereus
926 3377 1127 3441 veluti
1153 3377 1463 3459 propulsis
1487 3378 1762 3440 nubibus
1787 3378 1926 3440 axis

667 3478 909 3543 Insitus
935 3481 1157 3563 ignitis
1182 3481 1507 3562 syderibus
1532 3460 1778 3557 rutilat,

587 3584 807 3648 Aurea
829 3583 1105 3647 lucifluis
1128 3585 1433 3648 distincta
1452 3605 1686 3648 corona
1702 3585 1938 3667 lapillis

667 3688 971 3772 Undique
997 3689 1087 3752 sic
1112 3690 1349 3751 renitet
1373 3689 1614 3751 lumine
1640 3689 1938 3753 clarifico.

592 3795 925 3877 Sceptrum
954 3814 1099 3855 cum
1126 3795 1310 3875 virga
1335 3796 1658 3877 componit
1683 3803 1826 3876 post
1845 3796 2159 3871 diadema,

668 3897 1019 3962 Commoda
1044 3918 1183 3979 quae
1205 3898 1447 3980 pariter
1486 3897 1850 3980 significant
1875 3901 2132 3982 patriae:

590 4001 765 4065 Nam
794 4011 1040 4085 sceptro
1065 4003 1327 4065 tumidae
1350 4005 1534 4085 regni
1559 4005 1972 4068 moderantur
1995 4005 2277 4081 habenae,

668 4106 999 4189 Dispersos
1024 4108 1209 4189 virga
1232 4108 1479 4189 colligit
1502 4128 1578 4171 ac
1606 4117 1878 4171 revocat.

590 4209 901 4293 Tempore
928 4212 1231 4293 disposito
1258 4232 1381 4294 quo
1406 4233 1519 4275 rex
1545 4213 1883 4276 sacrandus
1908 4214 2198 4291 habetur,

672 4315 885 4379 Terrae
904 4325 1237 4399 magnates
1263 4326 1328 4379 et
1348 4318 1649 4399 populosa
1677 4338 1921 4392 manuS,
