3192 5050
793 596 1012 643 eEs‘rA
1052 594 1401 644 w1LLELM1
1441 596 1648 643 Ducls
1688 596 2238 646 NORMANNORUM.
2410 584 2492 647 85

535 741 668 820 ejus
693 741 992 814 exercit-u,
1033 760 1108 801 eo
1134 747 1456 821 praesente,
1497 740 1723 813 studio,
1764 747 2072 821 quantum
2096 736 2493 807 necessitudo

531 844 782 905 sinebat
835 851 1136 916 extrema,
1189 843 1473 905 cavebat.
1555 842 1646 905 Et
1701 842 1766 905 N
1770 864 2107 908 ormannos
2158 848 2496 909 cohibebat

533 966 954 1027 saepenumero
980 968 1094 1008 nec
1113 950 1310 1029 jussu,
1350 948 1536 1010 modo
1564 949 1744 1029 quasi
1782 956 1987 1021 oratu,
2028 952 2494 1030 quammaxime

533 1052 970 1133 concupientes
1023 1051 1223 1133 praelii
1275 1050 1659 1113 contumelio
1714 1052 1901 1113 decus
1946 1054 2193 1134 regium
2239 1054 2495 1116 foedare.

535 1154 716 1215 Alias
755 1154 981 1216 horum
1027 1154 1242 1236 aliqua
1281 1155 1602 1235 patentius
1643 1154 2102 1236 intelligentur,
2147 1156 2333 1217 simul
2369 1176 2496 1238 qua

531 1258 662 1339 ipse
677 1259 1203 1339 magnanimitate
1223 1256 1612 1319 Francorum
1636 1266 2077 1339 aspernaretur
2092 1278 2288 1332 ensea
2305 1270 2495 1340 atque

533 1364 984 1436 universorum,
1012 1363 1120 1443 qui
1145 1370 1369 1423 contra
1393 1382 1458 1423 se
1487 1360 1682 1442 Regis
1708 1362 1915 1423 edicto
1952 1362 2205 1423 fuerant
2230 1366 2494 1425 evocati.

616 1464 820 1547 Ipsius
860 1486 1104 1547 quoque
1145 1465 1385 1527 viribus
1411 1474 1477 1526 et
1521 1464 1783 1526 consilio
1826 1464 2194 1541 Edwardus,
2243 1464 2494 1528 Harde—

531 1570 748 1629 canuti
783 1570 924 1631 vita
959 1568 1162 1642 finita,
1208 1569 1468 1630 tandem
1515 1568 1583 1628 in
1633 1576 1896 1649 paterno
1950 1568 2106 1631 solio
2161 1578 2493 1631 coronatus

533 1672 781 1745 resedit,
808 1680 944 1734 tam
971 1672 1282 1754 sapientia
1305 1680 1372 1733 et
1397 1672 1633 1733 eximia
1657 1692 1904 1734 morum
1931 1672 2269 1753 probitate,
2302 1692 2491 1753 quam

532 1776 795 1857 antiqua
819 1778 1126 1857 prosapia,
1147 1796 1226 1837 ea
1249 1776 1477 1857 dignus
1501 1776 1724 1857 gloria.
1794 1773 2235 1856 Disceptantes
2256 1775 2493 1837 etenim

533 1877 731 1959 Angli
757 1878 1210 1940 deliberatione
1235 1880 1363 1941 suis
1389 1879 1742 1939 rationibus
1777 1878 2114 1939 utilissima
2138 1898 2493 1939 consenser-

531 1990 666 2056 unt,
734 1981 1154 2063 legationibus
1200 1985 1374 2064 justa
1424 1982 1787 2063 petentibus
1838 1978 2247 2062 acquiescere,
2303 2000 2493 2061 quam

537 2083 1052 2147 Normannorum
1118 2087 1251 2147 vim
1318 2082 1607 2165 ex'periri.
1668 2130 1681 2141 .
1744 2084 2064 2147 Reducem
2124 2105 2291 2145 cum
2365 2105 2492 2146 non

532 2190 810 2250 maximo
857 2190 1145 2270 praesidio
1189 2188 1415 2249 militis
1461 2186 1881 2249 Normannici
1922 2188 2145 2269 cupide
2190 2188 2310 2249 sibi
2346 2208 2493 2249 eum

532 2292 1020 2373 praestituerunt,
1062 2312 1141 2352 ne
1161 2311 1355 2352 manu
1374 2290 1699 2363 validiore,
1740 2292 1794 2351 si
1838 2287 2061 2352 Comes
2107 2289 2177 2351 N
2176 2292 2494 2351 ormanni-

531 2416 638 2456 eus
690 2396 1034 2469 adveniret,
1089 2396 1545 2475 subigerentur.
1631 2392 1753 2475 Qui
1807 2395 1960 2475 quid
2013 2393 2180 2456 bello
2232 2394 2494 2467 valeret,

532 2518 781 2561 rumore
828 2500 982 2562 satis
1031 2506 1358 2561 noverant.
1461 2496 1811 2560 Edwardus
1854 2504 2068 2558 autem
2113 2497 2265 2558 dum
2308 2504 2493 2579 grato

532 2613 854 2685 reputaret
935 2602 1182 2677 affectu,
1263 2623 1452 2684 quam
1521 2609 1952 2682 sumptuosam
2020 2600 2491 2676 liberalitatem,

532 2728 719 2789 quam
737 2707 1118 2788 singularem
1137 2707 1458 2780 honorem,
1480 2726 1668 2787 quam
1690 2704 2069 2766 familiarem
2090 2704 2492 2766 dilectionem

533 2812 598 2871 in
628 2810 698 2872 N
697 2811 1030 2873 ermannia
1054 2811 1174 2872 sibi
1200 2811 1581 2892 impenderit
1612 2807 1913 2890 Princeps
1938 2806 2327 2881 Willelmus,
2354 2816 2491 2870 tam

532 2914 850 2978 beneficiis
903 2936 1093 2998 quam
1145 2915 1314 2977 linea
1353 2909 1921 2994 consanguinitatis
1960 2913 2148 2994 longe
2188 2913 2309 2973 sibi
2348 2933 2494 2974 con-

525 3023 835 3102 junctior:
916 3021 1263 3102 quincti-am
1331 3039 1520 3100 quam
1592 3017 1868 3078 studioso
1934 3018 2069 3096 ejus
2134 3015 2370 3076 auxilio
2424 3017 2490 3077 in

529 3145 793 3206 regnum
821 3124 903 3186 ab
931 3124 1118 3185 exilio
1145 3125 1228 3184 sit
1248 3123 1594 3194 restitutus,
1612 3121 2008 3200 potissimum
2036 3119 2276 3200 aliquid
2304 3127 2493 3199 atque

530 3230 959 3310 gratissimum
980 3246 1450 3307 recompensare
1477 3224 1837 3284 desiderans
1856 3243 2031 3283 more
2051 3223 2457 3283 honestorum
2476 3241 2491 3296 3

529 3351 792 3403 coronae,
835 3350 1022 3411 quam
1049 3349 1163 3410 per
1187 3350 1332 3389 eum
1361 3329 1625 3407 adeptus
1651 3335 1765 3398 est,
1806 3346 1951 3385 eum
1984 3333 2129 3386 rata
2155 3325 2493 3385 donatione

531 3436 844 3496 haeredem
871 3441 1148 3494 statuere
1177 3432 1472 3492 decrevit.
1559 3427 1957 3510 Optimatum
1999 3428 2200 3507 igitur
2238 3447 2492 3488 suorum

531 3559 784 3601 assensu
837 3557 950 3618 per
991 3535 1341 3597 Robertum
1386 3532 1902 3595 Cantuariensem
1946 3531 2492 3612 Archipraesulem,

531 3642 716 3724 hujus
763 3641 1176 3721 delegationis
1228 3637 1664 3708 mediatorem,
1731 3635 1978 3696 obsides
2044 3635 2493 3715 potentissimae

529 3747 870 3829 parentelae
899 3744 1187 3806 Godwini
1218 3742 1483 3805 Comitis
1509 3739 1714 3801 filium
1742 3760 1815 3800 ac
1842 3747 2138 3820 nepotem
2158 3740 2219 3800 ei
2240 3740 2491 3801 direxit.

611 3849 729 3912 Est
768 3853 902 3932 jam
929 3855 1292 3930 permutata
1316 3847 1382 3905 in
1425 3864 1714 3906 serenum
1754 3841 2146 3903 turbulentia
2186 3843 2353 3922 apud
2379 3863 2493 3904 nos

532 3956 873 4028 domestica
897 3953 1120 4015 omnis,
1201 3950 1468 4012 Emulus
1496 3957 1710 4009 autem
1737 3948 1945 4009 vicino
1982 3947 2258 4007 nondum
2287 3948 2492 4008 omnis

530 4060 905 4139 conquievit.
988 4056 1328 4118 Brachium
1375 4054 1632 4114 levabat
1670 4053 1736 4111 in
1778 4072 1910 4124 nos,
1952 4071 2073 4132 quo
2099 4071 2225 4110 non
2267 4051 2493 4112 leviter

531 4181 660 4221 sese
688 4161 1080 4233 vulnerabat,
1112 4157 1462 4220 Gaufredus
1491 4155 1847 4218 Martellus.
1931 4153 2104 4215 Huic
2126 4155 2294 4216 enim
2316 4153 2490 4214 calli-
