3192 5050
967 618 1266 704 Axmixs
1297 654 1635 703 nis-rorem
1676 656 1945 702 mmvrs.
2360 640 2481 703 163

606 798 795 863 Anno
821 799 958 863 841.
1001 800 1249 863 Bellum
1297 801 1464 862 inter
1509 800 1754 875 fratres,
1798 799 2204 876 Ludovieum‚
2246 800 2484 865 Loth'ae

525 907 709 980 rium,
767 914 836 967 et
877 904 1209 979 Karolum,
1277 903 1441 967 filios
1515 902 1855 979 Ludoviei3
1916 906 1983 966 in
2038 927 2162 988 quo
2221 906 2485 989 populus

529 1008 919 1072 Christianus
943 1010 1237 1091 utrinque
1265 1020 1488 1071 mutua
1512 1030 1576 1070 se
1595 1009 1761 1071 eaede
1787 1012 2147 1091 prostravit.

606 1114 796 1176 Anno
821 1114 958 1177 842.
1003 1113 1363 1177 Translatio
1410 1114 1613 1176 saneti
1658 1114 1970 1188 Audoe'ni,
2018 1115 2269 1195 quando
2316 1114 2485 1178 Nor-

526 1219 744 1280 manni
757 1226 1162 1282 vastaverunt
1177 1216 1670 1298 Rothomagum,
1686 1225 1751 1280 et
1766 1219 2215 1279 succenderunt
2229 1217 2489 1281 Monas-

527 1322 758 1383 terium
780 1325 931 1403 ejuS.

608 1425 798 1487 Anno
824 1425 961 1487 851.
1021 1422 1354 1487 Venerunt
1403 1422 1763 1487 Normanni
1813 1425 1881 1485 in
1940 1422 2314 1507 Sequanam.
2394 1424 2487 1489 Et

529 1529 761 1591 iterum
787 1524 1094 1592 venerunt
1119 1526 1231 1590 alii
1254 1528 1631 1591 Normanni.

611 1632 802 1696 Anno
826 1633 965 1695 855.
1010 1631 1186 1695 Obiit
1213 1631 1551 1695 Lotharius
1578 1631 1933 1715 Imperator
1967 1632 2135 1695 filius
2160 1631 2485 1695 Ludoviei.

610 1738 801 1800 Anno
826 1737 962 1801 865.
1003 1735 1337 1799 Venerunt
1364 1736 1722 1799 Normanni
1748 1737 1957 1799 medio
1975 1736 2019 1799 J
2021 1737 2168 1799 ulio.

611 1842 802 1904 Anno
827 1841 964 1905 868.
1006 1838 1234 1904 Fames
1275 1848 1344 1903 et
1397 1841 1756 1903 mortalitas
1797 1840 2145 1916 hominum,
2187 1858 2254 1903 et,
2294 1843 2489 1923 pestis

532 1945 922 2007 animalium.

611 2051 804 2114 Anno
827 2051 969 2117 873.
1007 2050 1481 2113 Karlomannus
1526 2048 1748 2112 Abbas
1788 2069 1829 2111 a
1869 2056 2051 2130 patre
2086 2069 2198 2110 suo
2242 2048 2489 2112 Karolo

535 2153 730 2218 Calvo
757 2162 1117 2216 exeaeeatur.

612 2257 804 2320 Anno
821 2257 959 2323 875.
1004 2256 1181 2320 Obiit
1198 2256 1550 2321 Ludovieus
1567 2255 1724 2319 Rex.
1748 2254 1915 2318 Item
1934 2254 2210 2318 Karolus
2227 2255 2486 2319 Italiam

533 2361 902 2442 ingreditur,
938 2368 1004 2422 et
1038 2362 1299 2422 eandem
1339 2369 1576 2423 terram
1614 2359 2086 2422 Karlomannus
2129 2381 2244 2442 per
2294 2360 2486 2422 aliam

533 2466 722 2527 viam.
804 2463 976 2527 Inde‘
992 2463 1251 2528 Carolus
1276 2465 1534 2529 territus
1557 2464 1744 2547 fugit,
1770 2471 1835 2525 et
1861 2484 1935 2525 eo
1954 2464 2181 2525 itinere
2206 2472 2492 2528 mortuus

537 2577 650 2632 est.

615 2674 804 2736 Anno
831 2673 968 2739 879.
1029 2672 1384 2736 Ludovieus
1437 2673 1574 2736 Rex
1634 2671 1952 2735 Saxonum
1999 2673 2202 2735 adhue
2256 2671 2489 2735 Karlo-

533 2799 766 2841 manno
783 2780 1037 2842 vivente
1060 2778 1399 2842 Bavariam
1418 2779 1789 2859 ingreditur.
1829 2777 2096 2840 Initium
2115 2777 2267 2840 belli
2288 2777 2488 2840 Fran-

532 2903 747 2944 eorum
773 2890 994 2944 eontra
1020 2880 1309 2964 Paganos
1330 2881 1669 2956 LudovieO,
1695 2881 1827 2944 filio
1850 2880 2173 2956 Ludoviei,
2211 2882 2487 2963 primum

533 2997 798 3049 exeunte
823 2988 907 3049 ad
930 3008 1228 3070 pugnam.
1310 2985 1568 3069 Deoque
1596 2988 1869 3049 donante
1908 2987 2097 3068 potiti
2122 2995 2268 3048 sunt
2293 2987 2489 3050 vieto—

534 3092 714 3166 riam,
754 3099 821 3153 et
844 3111 990 3172 pars
1015 3092 1292 3152 maxima
1310 3112 1525 3153 eorum
1554 3092 1799 3153 eeeidit.

616 3194 806 3256 Anno
833 3194 972 3256 883.
1018 3192 1210 3256 Sedes
1232 3193 1747 3257 Normannorum
1774 3196 1841 3255 in
1870 3192 2211 3275 Diusburg.

613 3300 805 3361 Anno
840 3298 977 3361 885.
1019 3298 1296 3361 Karolus
1342 3298 1697 3381 Imperator
1740 3299 1896 3361 obit.
1996 3298 2304 3361 Arnulfus
2349 3299 2489 3362 Rex

536 3401 805 3464 efficit-ur
830 3401 1204 3484 Imperator.

615 3506 808 3570 Anno
833 3506 992 3585 892„
1015 3505 1220 3589 Capta
1260 3515 1355 3568 est
1392 3506 1617 3570 civitas
1643 3505 2073 3569 EbroaeensiS.
2158 3505 2283 3568 Sed
2309 3505 2489 3589 Epis-

534 3630 722 3692 eopus
753 3608 950 3672 Sebar
986 3608 1126 3672 Deo
1152 3609 1488 3691 adjuvante
1516 3612 1733 3672 evasit.

614 3715 805 3778 Anno
831 3713 968 3776 894.
1013 3712 1282 3775 Initium
1311 3716 1490 3796 regni
1519 3714 1746 3778 Karoli
1780 3716 1980 3796 pueri.
2062 3713 2274 3797 Hujus
2309 3716 2489 3779 miles

536 3820 831 3903 HaganO.

614 3925 804 3987 Anno
831 3924 968 3987 896.
1011 3922 1318 3985 Arnulfus
1347 3922 1702 4006 Imperator
1725 3925 1880 3987 obit.

612 4031 802 4091 Anno
827 4029 964 4094 897.
1009 4027 1360 4092 Ludovieus
1400 4029 1469 4089 in
1521 4027 1763 4110 Regem
1810 4029 2109 4092 elevatur.
2191 4028 2343 4091 Hun
2348 4033 2489 4111 gari

533 4132 790 4196 Italiam
810 4134 1071 4215 ingressi
1088 4133 1290 4195 multa
1315 4131 1613 4194 fecerunt.
1677 4131 2109 4196 Zeudebaldus
2130 4131 2267 4196 Rex
2287 4133 2487 4196 filium

535 4237 785 4300 Arnulfi
816 4239 1150 4301 interfecit.

613 4342 801 4406 Anno
827 4343 962 4405 898.
1005 4341 1190 4405 Rollo
1215 4342 1504 4406 Carnotis
1530 4343 1851 4406 civitatem
1871 4344 2132 4414 obsedit.
2206 4342 2330 4408 Sed
2346 4343 2491 4404 reli-
