3192 5050
675 676 680 681 .
713 624 831 686 156
1109 640 1322 687 semp.
1362 640 1605 687 RERUM
1645 640 1835 687 onsr.
1882 640 2235 687 WILLELMI
2276 642 2321 687 1.

717 784 924 845 choris
947 784 1240 846 ordinum
1280 784 1734 867 religiosorum,
1775 786 2017 847 ludicra
2042 786 2485 858 intermittere,
2525 803 2669 845 con-

717 908 965 950 currere
993 889 1076 950 ad
1094 890 1327 965 divina,
1342 890 1620 952 militum
1636 891 1955 972 plebisque
1974 892 2193 952 turbas
2208 891 2432 971 coe‘git.
2476 888 2671 969 Regis

717 989 1103 1053 Francorum
1122 994 1382 1055 vitricus
1395 994 1701 1055 intererat
1719 995 1905 1076 hujus
1922 995 2109 1056 curiae
2132 992 2498 1075 Rodolphus
2516 1012 2669 1073 prae-

715 1104 938 1176 potens
983 1095 1223 1172 Comes,
1263 1098 1588 1180 multaque
1622 1098 1921 1161 nobilitas
1948 1097 2250 1160 Franciae.
2319 1095 2574 1159 Curiose
2600 1095 2670 1156 hi

719 1220 863 1260 cum
912 1198 1300 1263 Normannis
1345 1203 1687 1265 cernebant
1740 1203 2081 1283 crinigeros
2133 1201 2419 1263 alumnos
2469 1198 2673 1290 plagae

722 1302 1150 1385 Aquilonalis:
1191 1326 1456 1386 quorum
1491 1306 1948 1385 pulchritudini
1982 1304 2205 1367 Galliae
2246 1302 2524 1366 Comatae
2550 1302 2674 1364 for-

722 1410 1054 1472 mosissimi
1073 1413 1335 1491 juvenes
1369 1412 1743 1474 inviderent.
1801 1409 1941 1474 Nec
1967 1412 2137 1473 enim
2161 1409 2428 1489 puellari
2453 1426 2675 1470 venus-

722 1516 847 1576 tati
891 1516 1216 1578 cedebant.
1317 1515 1512 1597 Regis
1556 1525 1770 1578 autem
1826 1518 2262 1598 regiorumque
2328 1512 2671 1576 satellitum

719 1620 1090 1682 indumenta
1128 1628 1478 1701 spectantes
1515 1622 1761 1689 intexta
1786 1630 1973 1703 atque
2020 1629 2299 1684 crustata
2324 1639 2477 1681 auro
2512 1637 2675 1699 quae—

722 1743 840 1804 que
857 1732 1046 1785 antea
1059 1723 1368 1798 viderant,
1389 1724 1965 1795 viliaaestimavere.
2022 1725 2189 1787 Item
2207 1745 2359 1788 vasa
2373 1728 2675 1803 argentea

721 1829 851 1891 sive
878 1848 1070 1890 aurea
1096 1829 1593 1905 admirabantur,
1634 1849 1897 1910 quorum
1936 1830 2014 1891 de
2041 1850 2301 1891 numero
2325 1828 2428 1891 vel
2454 1827 2674 1887 decore

718 1953 864 1994 vere
884 1933 1130 1994 narrari
1156 1942 1406 2014 possent
1431 1933 1845 1995 incredibilia.
1912 1933 2039 1996 His
2064 1942 2315 1995 tantum
2336 1952 2413 1993 ex
2438 1929 2675 2012 poculis

683 2102 688 2111 ,
717 2035 1103 2097 coenaculum
1119 2037 1340 2117 ingens
1356 2037 1633 2111 bibebat,
1654 2045 1765 2099 aut
1774 2039 2065 2100 cornibus
2080 2036 2397 2099 bubalinis
2414 2034 2674 2096 metallo

718 2140 1023 2202 decoratis
1059 2140 1277 2203 eodem
1313 2141 1481 2202 circa
1515 2143 1947 2203 extremitates
1987 2150 2301 2223 utrasque.
2381 2138 2673 2219 Denique

716 2243 990 2324 plurima
1014 2243 1461 2325 hujuscemodi,
1501 2246 1922 2326 competentia
1968 2245 2168 2327 regali
2207 2242 2672 2315 munificentiae,

681 2348 1043 2421 notabant,
1084 2368 1239 2429 quae,
1279 2348 1511 2410 reversi
1543 2348 1819 2423 domum,
1866 2350 1948 2411 ob
1992 2350 2343 2411 novitatem
2378 2347 2673 2429 praedica-

714 2460 874 2513 rent.
958 2450 1272 2527 Oeterum,
1315 2452 1550 2514 talibus
1595 2452 1781 2535 longe
1827 2454 2255 2536 insigniorem,
2295 2460 2484 2535 atque
2530 2451 2671 2535 plus

681 2615 688 2622 .
713 2557 1203 2630 memorandam,
1244 2557 1438 2638 ipsius
1465 2556 1661 2639 Regis
1690 2579 2034 2640 cognovere
2068 2559 2482 2620 honestatem.
2525 2555 2673 2618 AEs-

715 2661 850 2721 tiva
893 2659 1023 2733 illa,
1069 2668 1136 2722 et
1171 2660 1589 2736 Autumnum,
1632 2673 2002 2745 partemque
2036 2663 2263 2725 hiemis
2294 2664 2456 2724 citra
2496 2682 2671 2723 mare

713 2765 1040 2845 transegit,
1082 2772 1330 2843 tempus
1366 2765 1484 2826 hoc
1529 2767 1750 2847 patriae
1776 2769 1976 2849 amori
2002 2789 2187 2830 omne
2214 2769 2485 2830 donans:
2534 2787 2671 2848 quae

714 2887 915 2948 neque
941 2867 1060 2928 hac
1096 2887 1292 2942 mora,
1331 2888 1532 2950 neque
1569 2871 1904 2948 superioris
1936 2873 2087 2933 anni
2114 2871 2509 2951 expeditione
2530 2891 2672 2932 suas

713 2991 864 3050 opes
905 2979 1266 3032 attenuatas
1313 2973 1500 3034 fuisse
1547 2973 1819 3036 dolebat.
1902 2973 2001 3036 Ea
2046 2975 2216 3036 illius
2250 2975 2671 3054 temperantia

688 3075 857 3149 .fuit,
885 3096 958 3137 ac
973 3077 1326 3155 prudentia.
1385 3077 1705 3141 Militibus
1725 3088 1791 3141 et
1815 3079 2165 3158 hospitibus
2192 3080 2438 3140 abunde
2466 3099 2674 3158 sump-

715 3189 819 3243 tus
835 3181 1330 3256 ministrabatur,
1359 3184 1599 3244 nemini
1618 3204 1836 3263 rapere
1854 3185 2178 3266 quippiam
2197 3185 2671 3246 concedebatur.

687 3343 690 3346 ,
718 3284 1210 3348 Provincialium
1237 3295 1379 3350 tuto
1405 3297 1696 3352 armenta
1720 3289 1821 3352 vel
1846 3309 2068 3372 greges
2092 3290 2527 3367 pascebantur,
2564 3309 2672 3350 seu

715 3409 831 3468 per
863 3392 1256 3470 campestria,
1297 3413 1404 3453 seu
1429 3411 1544 3470 per
1577 3401 1831 3474 tesqua:
1898 3401 2139 3474 segetes
2164 3392 2389 3454 falcem
2417 3393 2675 3454 cultoris

719 3496 973 3557 intactae
1000 3497 1433 3574 expectabant,
1472 3518 1624 3578 quas
1667 3519 1781 3560 nec
1808 3499 2057 3561 attrivit
2084 3498 2351 3576 superba
2390 3499 2673 3578 equitum

692 3598 953 3680 ‘effusi0,
995 3619 1110 3660 nec
1145 3599 1483 3662 demessuit
1517 3601 1869 3680 pabulator.
1950 3600 2165 3663 Homo
2190 3601 2543 3664 imbecillus
2563 3608 2673 3662 aut

716 3703 976 3764 inermis
1001 3723 1160 3784 equo
1187 3712 1449 3766 cantans
1477 3725 1602 3786 qua
1626 3705 1815 3768 libuit
1832 3707 2220 3780 vectabatur,
2246 3714 2489 3767 turmas
2507 3705 2673 3766 mili-

716 3816 855 3869 tum
883 3828 1158 3882 cernens,
1199 3829 1325 3870 non
1353 3809 1708 3871 exhorrens

799 3910 1054 3973 Interea
1082 3911 1440 3974 Baiocensis
1468 3913 1704 3976 Praesul
1746 3913 1901 3990 Odo,
1936 3924 2003 3977 et
2039 3915 2408 3979 Willelmus
2448 3912 2673 3976 Osber-

717 4016 786 4075 ni
805 4013 991 4088 filius,
1017 4016 1417 4094 praefecturas
1444 4019 1509 4078 in
1538 4039 1752 4098 regn0,
1772 4028 2033 4100 uterque
2055 4040 2251 4093 suam,
2271 4017 2675 4080 laudabiliter

717 4117 1278 4182 administrabant:
1306 4122 1624 4183 interdum
1646 4124 1829 4184 simul
1852 4126 2183 4204 agitanteS,
2211 4123 2399 4185 modo
2426 4122 2672 4183 diversi.

720 4220 791 4283 Si
819 4222 1067 4302 quando
1113 4226 1500 4289 necessitudo
1535 4229 1911 4306 postulabat,
1956 4229 2248 4290 festinam
2288 4227 2453 4288 alter
2488 4226 2675 4288 alteri

715 4325 958 4387 ferebat
993 4345 1194 4404 opem.
1279 4326 1404 4390 Per
1443 4331 1731 4405 amicam,
1782 4352 1905 4412 qua
1963 4332 2217 4408 sincere,
2258 4329 2671 4402 voluntatem,
