3192 5050
700 625 818 687 154
1093 640 1304 689 scum.
1345 639 1586 688 RERUM
1626 638 1818 688 GEs-r.
1858 640 2207 689 warram
2248 643 2296 687 1.

701 784 970 864 Europae
1008 791 1197 867 atque
1237 772 1408 853 Asiae
1432 785 1887 865 praesidentem,
1914 804 2177 866 regnum
2200 805 2386 847 suum
2414 785 2657 848 bellan-

703 890 785 951 do
829 888 1054 953 effecit.

782 992 1158 1076 Vespasiani
1209 993 1340 1057 filio
1396 992 1564 1067 Tito,
1619 995 1746 1075 qui,
1804 994 1958 1057 dum
2019 1002 2194 1056 recta
2249 998 2653 1058 vehementer

705 1106 966 1172 amaret,
1014 1096 1198 1163 Orbis
1244 1118 1423 1161 amor
1468 1098 1596 1161 dici·
1636 1098 1888 1173 meruit,
1934 1120 2254 1180 nunquam
2311 1098 2506 1162 Italia
2549 1101 2653 1162 lae-

705 1201 851 1275 tior,
897 1221 1085 1283 quam
1128 1199 1196 1263 N
1196 1202 1528 1265 ormannia
1565 1202 1838 1266 occurrit
1876 1200 2208 1266 Willelmo
2248 1202 2434 1286 Regi,
2474 1204 2655 1265 Prin-

707 1306 833 1389 cipi
871 1326 1000 1369 suo.
1082 1304 1238 1369 Dies
1275 1315 1458 1369 erant
1496 1306 1765 1380 hiberni,
1813 1314 1879 1367 et
1920 1308 2028 1387 qui
2054 1308 2439 1389 poenitentiae
2465 1310 2657 1390 quad-

705 1410 1095 1492 ragesimalis
1133 1412 1329 1492 rigori
1367 1418 1615 1473 vacant.
1696 1408 1992 1473 Ceterum
2033 1411 2265 1494 ubique
2306 1413 2657 1493 agebantur

707 1522 1009 1595 tanquam
1072 1534 1338 1585 summae,
1395 1514 1608 1576 festivi
1671 1515 1970 1595 temporis
2032 1514 2237 1589 feriae3
2292 1515 2384 1577 sol
2440 1517 2659 1579 aestiva

707 1618 1042 1681 serenitate
1067 1617 1310 1681 lucidus
1333 1617 1684 1690 videbatur,
1729 1618 1939 1699 gratia
1974 1618 2217 1680 dierum
2253 1618 2438 1680 solita
2470 1618 2656 1699 longe

708 1724 929 1803 major.
1009 1721 1335 1783 Minorum
1379 1722 1511 1783 sive
1553 1722 1961 1785 remotiorum
2006 1722 2285 1785 locorum
2330 1722 2549 1785 incolae
2588 1724 2655 1783 in

709 1825 914 1900 urbes,
943 1834 1055 1889 aut
1078 1826 1225 1901 alio,
1258 1826 1370 1888 ubi
1393 1825 1659 1891 facultas
1683 1826 2103 1908 conspiciendi
2123 1825 2364 1908 Regem
2384 1828 2658 1903 daretur,

709 1928 1125 1992 confluebant.
1210 1928 1369 1992 Cum
1409 1930 1477 1991 in
1519 1928 1929 2012 Metropolim
1968 1950 2143 1994 suam
2188 1929 2654 2012 Rothomagum

720 2036 1026 2109 introiret,
1073 2055 1266 2110 seneS,
1312 2036 1509 2117 pueri,
1553 2042 1878 2108 matronae,
1919 2035 2249 2115 cunctique
2286 2035 2453 2098 cives
2492 2054 2659 2117 spec-

708 2146 915 2201 tatum
952 2148 1414 2221 processerant:
1467 2138 1943 2203 conclamabant
1968 2138 2313 2203 salutantes
2348 2139 2657 2215 reducem,

711 2246 867 2309 adeo
892 2254 966 2307 ut
992 2246 1213 2307 civitas
1239 2245 1354 2307 illa
1377 2244 1669 2307 universa
1692 2241 2069 2325 applaudere
2096 2252 2441 2325 putaretur,
2474 2246 2659 2307 sicuti

712 2346 920 2411 Roma
970 2351 1284 2431 quondam
1328 2347 1627 2430 Pompeio
1679 2368 1789 2411 suo
1834 2347 2217 2429 applaudens
2268 2348 2657 2430 tripudiavit.

713 2451 1104 2517 Monasteria
1143 2454 1472 2518 certabant
1513 2451 1971 2515 Monachorum
2011 2466 2199 2532 atque
2243 2449 2429 2525 Cleri,
2469 2454 2661 2534 quod-

709 2577 815 2620 am
850 2559 917 2619 in
973 2559 1248 2622 adventu
1285 2558 1382 2620 sui
1415 2557 1763 2620 charissimi
1794 2556 2022 2619 tutoris
2074 2555 2441 2637 ampliorem
2471 2556 2660 2619 offici-

711 2664 1003 2726 ositatem
1057 2663 1506 2745 impenderent.
1607 2659 1793 2724 Nihil
1839 2659 2324 2741 relinquebatur,
2379 2662 2544 2742 quod
2594 2662 2661 2721 in

709 2769 922 2832 studio
946 2768 1094 2831 talis
1132 2766 1623 2831 honorificentiae
1647 2766 1755 2842 agi
1781 2763 2035 2828 solitum
2062 2772 2176 2827 est.
2257 2762 2589 2840 Praeterea,
2610 2767 2665 2828 si

712 2873 867 2953 quid
890 2893 1122 2934 novum
1149 2872 1510 2934 adinvenire
1537 2869 1763 2952 potuit,
1790 2868 2157 2932 addebatur.
2236 2867 2440 2949 Quam
2466 2870 2664 2951 pieta-

715 2983 846 3038 tem
863 2977 994 3058 ipse
1013 2975 1339 3040 confestim
1357 2974 1529 3038 lucro
1543 2972 1880 3055 multiplici
1899 2973 2411 3054 recompensavit,
2427 2972 2665 3036 donans

715 3079 927 3162 pallia,
963 3080 1157 3144 libras
1191 3079 1349 3154 auri,
1385 3078 1634 3159 aliaque
1680 3096 1913 3158 magna
1956 3075 2261 3140 altaribus
2302 3096 2376 3138 ac
2414 3075 2665 3138 famulis

720 3183 976 3250 Christi.
1057 3182 1315 3247 Nullius
1360 3202 1637 3264 unquam
1686 3180 1881 3262 Regis
1926 3187 2040 3243 aut
2087 3177 2497 3261 Imperatoris
2537 3179 2664 3244 lar-

716 3290 986 3372 gitatem
1033 3289 1100 3350 in
1145 3287 1568 3352 oblationibus
1619 3287 1923 3366 maiorem
1963 3285 2396 3365 comperimus.
2478 3283 2665 3357 Item,

719 3412 872 3476 quas
916 3391 1228 3456 Ecclesias
1263 3413 1392 3455 non
1437 3390 1770 3473 praesentia
1804 3407 1937 3462 sua,
1975 3388 2340 3454 muneribus
2384 3389 2667 3452 visitavit

721 3498 970 3559 iterum.
1054 3495 1427 3560 cadomensi
1481 3493 1767 3560 Basilioae
1820 3491 2034 3574 (modo
2087 3491 2410 3573 specieque
2464 3491 2668 3554 admi-

720 3600 909 3664 rabili
951 3601 1081 3663 suis
1124 3599 1456 3682 impendiis
1500 3598 1583 3659 ad
1627 3595 1887 3658 titulum
1934 3595 2108 3660 beati
2159 3593 2468 3677 Stephani
2514 3593 2667 3659 Pro-

720 3707 1084 3788 tomartyris
1142 3725 1183 3766 a
1235 3703 1665 3775 fundamentO,
1726 3707 1799 3762 ut
1861 3705 2009 3762 ante
2069 3705 2166 3764 est
2230 3705 2669 3771 memoratum,

723 3807 1067 3891 extructae,)
1111 3818 1249 3872 tum
1294 3807 1540 3870 diversa
1585 3805 1848 3867 donaria
1892 3803 2166 3875 advexit,
2211 3803 2482 3864 materia
2514 3804 2669 3864 arti-

721 3911 983 3996 ficioque
1021 3913 1498 3996 pretiosissima3
1556 3930 1693 3991 quae
1718 3908 1801 3970 ad
1827 3906 2017 3970 seculi
2049 3906 2393 3970 terminum
2430 3904 2671 3970 honora

721 4036 1083 4098 permanere
1108 4016 1380 4080 valeant.
1463 4013 1730 4096 Singula
1767 4011 2285 4093 descriptionibus
2324 4018 2439 4074 aut
2468 4011 2671 4072 nomi-

721 4121 907 4182 nibus
945 4121 1270 4202 designare
1309 4121 1652 4202 spatiosum
1690 4117 1873 4180 foret.
1958 4114 2422 4197 Voluptuosum
2462 4122 2558 4177 est
2597 4133 2674 4175 ea

723 4232 1112 4306 perspectare
1153 4224 1502 4306 hospitibus
1541 4223 1852 4295 maximis,
1902 4229 1967 4284 et
2010 4221 2118 4301 qui
2162 4239 2321 4301 saepe
2364 4217 2670 4281 nobilium

723 4328 1144 4392 Ecclesiamm
1180 4329 1504 4392 thesauros
1534 4327 1839 4390 viderant.
1925 4323 2248 4386 Transiret
2276 4323 2421 4386 illac
2448 4322 2674 4403 hospes

3185 2905 3186 2922 a
3160 2801 3187 2864 --A
