3192 5050
783 660 1001 709 GESTA
1042 660 1390 708 WILLELMI
1430 660 1635 708 DUOIS
1674 660 1723 706 N
1725 660 2221 709 ORMANNORUM.
2368 644 2485 711 157

527 805 1007 879 concordabant,
1053 804 1323 884 amplius
1355 804 1558 867 valuit
1591 805 1866 885 prudens
1892 824 2107 867 eorum
2132 804 2485 886 vigilantia.

530 908 761 970 Mutuo
787 930 935 983 sese,
977 908 1219 991 Regem
1246 908 1590 990 aequaliter,
1633 908 2019 991 diligebant:
2060 907 2287 970 affectu
2308 909 2485 970 arde-

528 1012 684 1073 bant
709 1014 848 1091 pari
874 1012 957 1074 ad
981 1013 1428 1074 continendum
1455 1012 1524 1073 in
1549 1031 1703 1092 pace
1728 1020 1984 1093 gentem
2017 1010 2443 1074 Christianam
2466 1032 2481 1083 ;

526 1115 784 1177 consilio
799 1116 961 1178 alter
979 1115 1238 1178 alterius
1257 1116 1694 1198 aequanimiter
1710 1117 2227 1179 assentiebantur.
2257 1115 2484 1200 AEqui-

527 1226 662 1281 tate
693 1222 1034 1281 utebantur
1058 1220 1354 1294 maxima,
1381 1220 1478 1280 uti
1523 1216 1663 1280 Rex
1706 1228 2184 1299 praemonuerat,
2225 1240 2349 1301 qua
2374 1220 2486 1285 ho-

527 1323 730 1385 mines
764 1323 938 1386 efferi
964 1332 1031 1385 et
1057 1324 1298 1385 inimici
1323 1324 1798 1404 corrigerenter,
1839 1330 1906 1384 et
1924 1323 2213 1385 benevoli
2240 1322 2484 1388 fierent.

531 1424 698 1487 Item
717 1426 995 1505 praefecti
1021 1428 1309 1501 minores,
1335 1427 1445 1487 ubi
1473 1426 1732 1508 quisque
1760 1427 1827 1486 in
1846 1427 2301 1489 munitionibus
2320 1428 2484 1491 loca-

527 1539 630 1593 tus
655 1532 881 1606 fuerat,
907 1540 1156 1593 strenue
1177 1532 1499 1593 curabant.
1561 1530 1806 1592 Verum
1828 1530 2047 1613 Angli,
2073 1552 2273 1613 neque
2295 1533 2482 1595 bene-

435 1624 440 1628 *
529 1637 690 1711 ficio,
717 1656 916 1718 neque
943 1636 1274 1699 formidine
1302 1637 1454 1697 satis
1480 1637 1751 1699 coerceri
1772 1644 2084 1715 poterant,
2113 1645 2186 1698 ut
2205 1638 2481 1718 quietem

497 1736 500 1739 ’
528 1761 812 1802 serenam
839 1760 1026 1821 quam
1066 1760 1165 1801 res
1201 1760 1394 1801 novas
1437 1760 1510 1800 ac
1537 1740 1824 1802 turbidas
1849 1739 2131 1801 mallent.
2216 1739 2486 1803 Consur-

528 1865 676 1925 gere
717 1843 930 1923 palam
973 1844 1040 1904 in
1076 1863 1254 1905 arma
1289 1864 1416 1906 non
1455 1842 1797 1917 confidunt,
1838 1844 1947 1904 sed
1980 1845 2359 1925 regionatim
2406 1846 2483 1907 de

527 1950 736 2027 pravis
751 1948 1312 2027 conspirationibus
1329 1955 1626 2020 tractant,
1650 1948 1701 2007 si
1724 1948 1947 2027 quibus
1968 1948 2129 2010 forte
2146 1948 2305 2009 dolis
2331 1969 2485 2029 prae-

527 2051 781 2113 valeant
814 2052 897 2113 ad
936 2052 1302 2113 nocendum.
1385 2050 1492 2111 Ad
1531 2049 1766 2123 DanOS,
1807 2050 1907 2112 vel
1934 2050 2078 2123 alio,
2118 2052 2283 2112 unde
2311 2053 2487 2113 auxi-

529 2157 686 2218 lium
714 2156 966 2237 aliquod
991 2164 1294 2234 speratur,
1336 2154 1576 2235 legatos
1602 2156 1938 2216 missitant.
2019 2153 2212 2218 Ultro
2254 2158 2321 2216 in
2359 2140 2486 2217 exi->

531 2260 688 2320 lium
714 2259 910 2340 aliqui
935 2258 1322 2339 profugiunt,
1339 2278 1466 2339 quo
1487 2267 1767 2319 extorres
1792 2258 1894 2320 vel
1914 2280 1955 2320 a
1979 2267 2289 2337 potestate
2319 2258 2388 2321 N
2388 2280 2486 2321 or-

524 2384 898 2425 mannorum
925 2364 1053 2424 sint
1077 2362 1280 2435 liberi,
1307 2361 1408 2424 vel
1435 2363 1607 2423 aucti
1632 2363 1856 2441 opibus
1882 2362 2107 2425 alienis
2133 2372 2355 2425 contra
2380 2384 2487 2425 eos

529 2474 944 2532 revertantur.
2337 2453 2343 2459 ’

609 2572 774 2654 Regi
801 2593 878 2633 ea
899 2577 1274 2650 tempestate
1302 2569 1682 2632 Eustachius
1711 2567 1935 2632 Comes
1963 2569 2241 2632 Boloniae
2269 2572 2487 2633 adver-

529 2679 806 2750 sabatur,
847 2677 956 2757 qui
994 2675 1198 2736 filium
1242 2674 1318 2736 de
1363 2673 1486 2735 fide
1529 2681 1677 2735 ante
1718 2673 1955 2736 bellum
1992 2674 2058 2733 in
2089 2673 2486 2736 Normannia

527 2783 806 2845 obsidem
851 2782 1127 2842 dederat.
1208 2779 1292 2842 Ei
1333 2780 1711 2860 persuadent
1745 2778 1814 2840 hi
1858 2780 2131 2840 maxime
2180 2782 2285 2860 qui
2326 2779 2486 2842 Can-

529 2890 690 2949 tium
739 2886 1118 2960 inhabitant,
1185 2887 1282 2946 uti
1327 2893 1601 2946 castrum
1647 2881 1965 2946 Doveram
2010 2884 2288 2958 invadat,
2330 2886 2483 2966 ipsis

527 3001 708 3054 utens
735 2991 1139 3072 adjutoribus.
1221 2989 1533 3070 Equidem
1561 2988 1712 3061 fore,
1740 2989 1794 3048 si
1821 2986 2178 3049 firmissimo
2204 2987 2341 3050 loco
2367 2991 2485 3051 hoc

528 3099 610 3158 sit
636 3098 872 3178 potitus
897 3117 1038 3156 cum
1068 3102 1252 3175 portu
1278 3095 1541 3166 marino,
1583 3099 1655 3152 ut
1682 3092 1967 3172 potentia
1988 3095 2120 3172 ejus
2145 3091 2337 3152 latius
2364 3094 2486 3152 dis-

528 3201 856 3262 tendatur:
903 3201 1112 3278 sicque
1153 3197 1501 3278 potentiam
1544 3194 2059 3257 Normannorum
2101 3195 2483 3257 diminutum

527 3307 626 3366 iri.
710 3303 883 3364 Nam
921 3305 1070 3384 quia
1107 3301 1506 3363 Normannos
1541 3300 1747 3372 odere,
1788 3320 1929 3359 cum
1958 3297 2318 3372 EustachiO,
2360 3302 2486 3381 pri-

529 3410 672 3470 dem
689 3408 810 3469 sibi
829 3406 1274 3477 inimicissimo,
1291 3403 1761 3466 concordavere.
1844 3400 2011 3462 Eum
2031 3402 2307 3463 bellandi
2324 3405 2485 3484 peri-

529 3522 685 3585 tum,
727 3519 913 3591 atque
935 3511 1000 3569 in
1028 3508 1244 3590 praelio
1269 3507 1532 3580 felicem,
1575 3507 2019 3587 experimentis
2038 3517 2478 3586 cognoverant.

534 3616 604 3678 Si
623 3622 762 3677 erat
788 3612 1180 3675 serviendum
1209 3633 1334 3672 non
1361 3611 1810 3691 compatriotae,
1851 3619 2001 3672 noto
2038 3613 2267 3673 servire
2294 3619 2481 3692 atque

528 3722 736 3784 vicino
787 3718 981 3780 satius
1032 3714 1363 3798 putabant.
1472 3714 1745 3787 Accidit,
1785 3722 1859 3775 ut
1906 3715 2147 3775 occasio
2184 3715 2483 3796 temporis

527 3834 823 3888 eventum
865 3823 958 3884 rei
1001 3841 1188 3903 quam
1231 3820 1613 3881 affectabant
1658 3819 2074 3900 promitteret.
2170 3819 2481 3882 Abierant
2532 3904 2534 3907 Ι

524 3932 695 3993 ultra
710 3929 945 3990 flumen
969 3925 1272 3988 Tamisim
1300 3925 1488 4005 primi
1515 3924 1883 3984 munitionis
1903 3924 2203 3997 custodeS,
2246 3922 2479 3986 Praesul

529 4035 904 4106 BaiocensiS,
957 4039 1144 4111 atque
1189 4028 1384 4109 Hugo
1421 4029 1500 4089 do
1545 4027 1940 4102 Monteforti,
1980 4028 2256 4090 militum
2300 4039 2478 4111 parte

529 4140 752 4220 majori
779 4158 984 4198 secum
1013 4136 1220 4195 ducta.
1301 4131 1681 4192 Eustachius
1701 4133 1930 4213 itaque,
1970 4141 2225 4214 accepto
2251 4137 2479 4196 nuncio

529 4246 899 4328 Anglorum‚
939 4263 1081 4304 cum
1103 4242 1228 4303 suis
1255 4239 1338 4300 ad
1363 4258 1467 4299 eos
1485 4238 1687 4298 noctis
1712 4238 2047 4299 conticinio
2068 4239 2378 4312 transivit,
2399 4237 2479 4300 'ut

527 4353 775 4412 incaute
801 4348 1182 4429 opprimeret
1211 4342 1616 4407 Castellanos.
1674 4341 1947 4404 Classem
1965 4343 2144 4404 duxit
2171 4345 2478 4405 militibus
