3192 5050
684 584 763 646 16
1083 599 1297 647 semp.
1326 597 1571 652 RERUM
1599 597 1790 645 ess'r.
1811 597 2173 645 ,wnmsmm
2203 599 2250 645 1.

680 742 871 804 nachi
897 741 1099 824 igitur
1123 787 1140 816 ‚
1168 742 1278 823 qui
1302 741 1591 805 custodes
1637 743 1772 823 ejus
1795 739 2051 802 fuerant
2075 741 2228 801 dum
2255 741 2323 800 in
2371 737 2647 802 Francia

680 844 823 920 fuit,
852 852 1339 927 reportaverunt
1376 865 1523 907 eum
1544 865 1740 926 usque
1767 845 1851 907 ad
1878 845 2196 926 quandam
2240 843 2482 917 villam,
2510 864 2648 924 quse

679 956 777 1011 est
801 951 886 1011 ad
908 969 1105 1012 unam
1130 949 1385 1032 leugam
1406 952 1593 1030 juxta
1618 949 1841 1012 urbem
1869 948 2232 1031 Rotomagi.
2297 948 2404 1011 Ibi
2429 949 2646 1029 itaque

680 1071 875 1134 quum
901 1053 1349 1135 pervenissent,
1374 1073 1503 1115 non
1528 1073 1756 1134 parum
1782 1053 1861 1114 de
1887 1054 1996 1115 via
2019 1053 2258 1128 lassati,
2282 1061 2652 1116 manserunt

682 1156 749 1216 in
776 1156 907 1231 illa,
954 1164 1159 1233 nocte,
1201 1165 1295 1231 ut,
1322 1177 1511 1219 mane
1557 1165 1908 1240 surgentes,
1935 1159 1991 1220 si
2037 1165 2311 1240 possent,
2357 1165 2648 1220 sanctum

681 1258 1061 1325 Audoenum
1108 1261 1192 1323 ad
1217 1280 1401 1324 suum
1427 1260 1640 1324 locum
1686 1269 2102 1342 reportarent.
2185 1261 2395 1343 Quum
2430 1262 2648 1343 itaque

680 1381 869 1425 mane
910 1370 1263 1445 surgerent,
1292 1383 1561 1445 eumque
1588 1363 1673 1424 ad
1717 1365 2046 1426 civitatem
2091 1372 2345 1446 portare
2391 1363 2648 1438 vellent,

679 1463 856 1526 nullo
874 1465 1064 1528 modo
1083 1473 1462 1548 potuerunt:
1504 1474 1660 1528 tunc
1688 1467 1905 1529 tristes
1923 1467 2217 1528 monachi
2252 1467 2646 1547 nimiumque

678 1566 961 1631 dolentes
987 1569 1067 1630 de
1093 1569 1212 1632 hoc
1240 1570 1407 1650 quod
1431 1570 1511 1632 iis
1537 1570 1882 1643 acciderat,
1909 1569 2372 1632 mandaverunt
2397 1570 2646 1632 civitati

680 1670 847 1750 quod
892 1679 1182 1734 sanctum
1210 1671 1591 1735 Audoenum
1633 1671 1812 1734 nullo
1848 1673 2037 1734 modo
2071 1680 2367 1754 poterant
2391 1692 2645 1736 movere

680 1773 759 1834 de
785 1772 923 1836 loco
938 1773 1052 1837 illo
1089 1775 1202 1838 ubi
1220 1777 1554 1857 jacuerant
1579 1774 1696 1838 illa
1713 1783 1936 1837 nocte:
1977 1776 2147 1857 quod
2189 1795 2384 1857 quum
2427 1777 2648 1838 comiti

678 1877 791 1958 qui
814 1885 968 1939 tunc
1005 1886 1147 1941 erat
1204 1877 1549 1960 Rotomagi
1601 1879 1972 1941 nunciatum
2017 1879 2258 1953 fuisset,
2303 1879 2650 1960 respondit,

678 1978 849 2059 quod
892 1980 1126 2043 merito
1151 1980 1285 2042 haec
1310 1980 1647 2043 tribulatio
1673 1981 1750 2043 de
1793 2001 2052 2064 corpore
2100 1983 2306 2044 sancti
2347 1981 2643 2046 Audoeni

679 2081 1095 2146 iisaccidisset
1114 2103 1131 2158 ;
1172 2084 1325 2165 quia
1336 2084 1390 2146 si
1402 2091 1573 2146 recte
1590 2085 1994 2167 cogitassent,
2014 2105 2386 2167 sensumque
2401 2093 2645 2147 rectum

674 2184 1063 2262 habuissent,
1090 2187 1174 2249 ad
1218 2189 1680 2269 processionem
1707 2196 1778 2250 et
1805 2209 1952 2251 cum
1977 2207 2218 2270 magna
2252 2188 2604 2262 devotione,

676 2297 901 2352 contra
914 2311 1061 2352 eum
1075 2291 1293 2355 venire
1313 2291 1693 2354 debuissent.
1787 2289 1940 2355 Post
1966 2291 2100 2353 haec
2117 2293 2419 2374 praecepit
2437 2311 2646 2354 comes

678 2392 1143 2475 archiepiscopo
1169 2395 1465 2475 omnique
1492 2393 1730 2475 populo
1747 2393 2222 2476 Rotomagensi,
2249 2402 2326 2457 ut
2340 2396 2409 2455 in
2436 2394 2646 2476 langis

678 2501 747 2557 et
762 2495 951 2558 nudis
977 2495 1241 2579 pedibus
1267 2513 1410 2559 cum
1440 2517 1515 2559 eo
1561 2495 1646 2559 ad
1673 2505 1962 2560 sanctum
2006 2495 2386 2560 Audoenum
2425 2517 2644 2580 perge-

678 2606 859 2672 rent;
900 2602 1154 2681 eJ'usque
1180 2601 1485 2681 pietatem
1509 2622 1700 2681 quam
1728 2602 2016 2664 devotius
2034 2608 2290 2682 possent
2314 2610 2646 2665 exorarent

680 2701 977 2782 quatinus
1004 2702 1087 2764 ad
1112 2701 1418 2765 stultitias
1444 2722 1664 2765 eorum
1691 2703 1794 2766 vel
1828 2703 2252 2785 negligentias
2297 2724 2426 2765 non
2452 2705 2646 2786 respi-

678 2812 869 2879 ceret,
895 2805 1008 2866 sed
1040 2806 1353 2887 propitius
1378 2805 1507 2868 illis
1548 2805 1750 2881 fieret,
1793 2826 1984 2887 seque
2011 2808 2091 2869 de
2132 2806 2271 2869 loco
2297 2807 2410 2869 illo
2436 2808 2519 2870 ad
2559 2809 2646 2870 ci-

677 2908 947 2970 vitatem
972 2908 1086 2969 ubi
1110 2908 1612 2992 archiepiscopus
1630 2909 1854 2972 fuisset
1877 2909 2209 2972 transferri
2228 2912 2647 2993 permitteret,

682 3009 863 3073 Tunc
888 3011 1019 3093 ipse
1046 3030 1255 3074 comes
1279 3014 1525 3094 primus
1553 3014 1722 3075 sicut
1747 3014 1892 3075 aliis
1915 3016 2318 3095 praeceperat,
2344 3014 2412 3075 in
2438 3014 2646 3097 langis

677 3114 985 3196 nudisque
1004 3116 1269 3197 pedibus
1294 3137 1489 3198 usque
1509 3116 1593 3179 ad
1607 3115 1831 3180 villam
1862 3117 1980 3180 ubi
2003 3125 2258 3180 sanctus
2299 3116 2647 3183 Audoenus

680 3225 838 3291 erat,
864 3218 1170 3299 pervenit.

763 3318 902 3401 Quo
928 3340 1123 3402 quum
1150 3322 1554 3404 pervenisset,
1569 3324 1860 3405 protinus
1885 3344 2032 3385 cum
2060 3324 2237 3386 omni
2256 3324 2506 3406 populo,
2535 3327 2644 3407 qni

678 3442 826 3485 cum
851 3444 927 3486 eo
951 3433 1092 3486 erat
1116 3445 1329 3487 coram
1374 3425 1610 3489 feretro
1635 3428 1770 3508 ejus
1812 3434 2182 3508 prostratus,
2230 3426 2364 3488 haec
2405 3429 2646 3492 orando

680 3527 881 3588 dixit:
926 3524 1163 3590 Sancte
1191 3527 1517 3603 Audoene,
1557 3531 1723 3593 bone
1751 3530 2216 3613 archiepiscope
2244 3538 2312 3593 et
2338 3532 2644 3595 advocate

678 3637 911 3705 noster,
932 3631 1291 3711 permittito
1309 3639 1591 3693 vestrum
1609 3652 1834 3714 corpus
1851 3634 1934 3694 ad
1949 3632 2278 3695 civitatem
2311 3634 2644 3697 transferri

679 3732 792 3793 ubi
811 3731 1091 3812 praesulis
1104 3731 1310 3795 officio
1334 3732 1591 3795 functus
1615 3734 1795 3796 fuisti
1833 3742 1902 3797 et
1947 3754 2155 3799 sacras
2180 3737 2648 3802 benedictiones

679 3836 901 3916 saepius
925 3836 1166 3910 fecisti3
1208 3846 1275 3899 et
1300 3858 1419 3919 ego
1463 3838 1545 3901 do
1572 3839 1847 3901 ecclesiae
1873 3846 2098 3902 vestras
2143 3848 2210 3902 et
2234 3841 2414 3903 vobis
2439 3850 2644 3905 totam

678 3946 916 4001 terram
944 3958 1079 4021 quse
1107 3940 1354 4022 adjacet
1372 3943 1457 4005 ab
1482 3943 1606 4003 isto
1619 3941 1760 4005 loco
1779 3962 1974 4024 usque
1992 3943 2075 4005 ad
2091 3944 2328 4005 moenia
2345 3945 2644 4009 civitatis.

683 4034 861 4105 Tunc
888 4045 1188 4107 continuo
1206 4066 1415 4109 comes
1442 4054 1508 4107 e‘t
1534 4046 1802 4127 populus
1827 4048 2152 4110 submissis
2177 4048 2459 4111 humeris
2485 4049 2646 4113 fere-

677 4153 869 4221 trum,
916 4147 985 4208 in
1011 4167 1137 4229 quo
1162 4158 1451 4213 sanctum
1490 4170 1715 4233 corpus
1751 4158 1910 4224 erat,
1956 4150 2262 4214 facillime
2308 4152 2644 4235 deportare
