3192 5050
1214 608 1467 656 enims
1506 609 1826 658 numi-10.
2465 597 2504 662 '7

532 758 789 834 propter
802 758 1065 834 peccata
1082 771 1196 814 sua
1220 752 1289 813 in
1314 759 1513 814 tantae
1528 752 1922 816 necessitatis
1935 751 2202 817 articulo
2229 753 2504 838 despice-

530 863 649 918 ret.
731 854 1181 919 Pervenientes
1224 857 1441 938 itaque
1490 875 1686 937 usque
1739 856 1824 918 ad
1864 876 2062 918 unum
2099 856 2345 934 collem,
2389 859 2500 942 qui

532 966 670 1020 erat
706 979 748 1021 a
785 967 969 1042 parte
996 958 1463 1041 Hastingamm
1515 966 1740 1021 contra
1765 957 1946 1020 illum
1993 958 2238 1036 collem,
2279 961 2346 1023 in
2373 981 2500 1044 quo

531 1069 671 1123 erat
706 1062 1030 1125 Heraldus
1054 1070 1123 1124 et
1142 1064 1451 1124 exercitus
1476 1066 1630 1145 ejus,
1657 1063 1750 1124 ibi
1775 1070 1850 1124 ut
1875 1069 2060 1124 erant
2086 1064 2320 1126 armati
2345 1081 2500 1146 pau-

530 1163 721 1247 lisper
798 1167 1234 1240 substiterunt,
1303 1167 1626 1228 intuentes
1705 1163 2062 1246 Anglorum
2129 1167 2496 1230 exercitum.

531 1267 817 1350 Dignum
832 1278 931 1332 est
945 1278 1159 1332 autem
1186 1277 1260 1331 ut
1278 1270 1600 1332 memorioe
1617 1267 1940 1348 literisque
1959 1267 2271 1343 tradatur,
2296 1289 2495 1332 unum

522 1373 807 1448 verbum,
834 1375 1003 1456 quod
1020 1373 1597 1438 Christianissimus
1621 1369 1846 1434 Comes
1866 1369 2255 1446 Willelmus,
2297 1393 2492 1454 quum

531 1475 729 1539 lorica
778 1497 895 1540 sua
944 1478 1331 1553 indueretur,
1383 1477 1612 1538 dixisse
1659 1475 1879 1538 fertur.
1963 1474 2170 1557 Quum
2217 1477 2388 1539 enim
2435 1478 2498 1540 ei

534 1580 791 1660 quidam
818 1580 1079 1643 loricam
1106 1601 1285 1643 suam
1312 1581 1667 1662 porrigeret
1691 1586 1765 1641 ut
1789 1599 1870 1641 ex
1895 1599 1972 1640 ea
1997 1599 2062 1643 se
2088 1580 2400 1656 indueret,
2416 1603 2497 1644 ex

532 1684 871 1764 improviso
888 1685 949 1746 ei
965 1684 1143 1747 illam
1163 1685 1445 1766 porrexit
1469 1684 1806 1746 inversam.
1889 1683 2068 1766 Quod
2086 1684 2193 1746 ille
2209 1687 2496 1748 animad-

532 1793 802 1860 vertens,
830 1787 1014 1849 vultu
1049 1786 1297 1869 placido
1324 1787 1660 1869 quieteque
1699 1787 1914 1848 animo
1940 1787 2252 1850 militibus
2290 1789 2400 1870 qui
2427 1790 2496 1850 in

532 1888 797 1950 circuitu
822 1893 955 1971 ejus
982 1897 1165 1951 erant
1210 1889 1413 1950 dixit:
1494 1894 1529 1922 “
1564 1887 1638 1950 Si
1664 1909 1782 1970 ego
1801 1889 1870 1950 in
1897 1897 2130 1952 sortem
2156 1891 2498 1967 crederem,

535 1990 719 2054 hodie
758 1992 1031 2074 amplius
1055 1994 1124 2053 in
1150 1992 1391 2055 bellum
1435 2011 1566 2054 non
1590 1993 1941 2054 introirem.
2027 1991 2154 2054 Sed
2193 2013 2313 2075 ego
2337 2015 2498 2056 nun-

536 2113 723 2175 quam
770 2095 1047 2158 sortibus
1086 2095 1346 2169 credidi,
1387 2115 1505 2156 nec
1543 2094 1874 2176 sortilegos
1899 2096 2130 2158 amavi.
2214 2094 2296 2158 In
2320 2098 2498 2159 omni

536 2199 705 2259 enim
756 2200 1015 2281 negotio
1060 2200 1357 2281 quicquid
1408 2219 1597 2280 agere
1644 2199 1855 2272 debui,
1897 2200 2168 2260 creatori
2210 2219 2354 2261 meo
2394 2221 2498 2263 me

534 2321 779 2384 semper
800 2298 1298 2364 commendavi?
1379 2299 1541 2362 Haec
1584 2301 1800 2362 dicens
1825 2309 2016 2382 atque
2056 2301 2124 2362 in
2151 2309 2500 2366 creatorem

536 2424 736 2479 suum,
764 2406 933 2467 sicut
978 2425 1225 2487 semper
1249 2403 1471 2468 solitus
1512 2412 1653 2466 erat
1691 2404 1918 2479 facere,
1969 2411 2175 2466 totam
2201 2403 2498 2469 fiduciam

538 2529 714 2571 suam
739 2530 977 2591 ponens
1002 2509 1211 2572 induit
1236 2530 1301 2571 se
1335 2509 1531 2571 armis
1556 2508 1701 2571 suis.

617 2614 927 2676 Armatus
940 2615 1176 2695 itaque,
1192 2621 1259 2676 et
1274 2633 1341 2675 se
1352 2621 1419 2675 et
1434 2621 1644 2676 totum
1661 2614 2008 2675 exercitum
2025 2635 2208 2676 suum
2219 2614 2502 2679 Domino

536 2718 989 2780 commendans
1014 2718 1205 2800 coepit
1231 2718 1553 2798 inquirere
1579 2737 1622 2779 a
1647 2716 1920 2798 quodam
1947 2718 2154 2781 milite
2175 2721 2285 2800 qui
2315 2724 2506 2802 juxta

537 2842 679 2882 eum
700 2829 858 2895 erat,
884 2822 997 2882 ubi
1016 2819 1376 2883 Heraldum
1396 2827 1656 2901 putaret
1682 2840 1832 2882 esse.
1914 2819 2265 2903 Respondit
2285 2832 2500 2887 autem

536 2922 643 2985 ille
686 2924 855 3006 quod
878 2924 1149 3004 putabat
1193 2944 1341 2985 eum
1388 2942 1519 2984 esse
1567 2922 1637 2983 in
1680 2922 1793 2984 isso
1819 2924 2014 3004 spisso
2041 2925 2316 3005 agmine,
2332 2927 2502 3007 quod

534 3034 673 3088 erat
698 3034 849 3088 ante
879 3045 984 3087 eos
1010 3026 1078 3086 in
1106 3026 1342 3089 montis
1370 3025 1768 3098 summitate;
1811 3045 1962 3087 nam
1999 3026 2163 3088 sicut
2205 3029 2498 3109 putabat,

535 3127 807 3190 Heraldi
831 3128 1228 3190 standarium
1240 3128 1333 3189 ibi
1348 3127 1626 3190 videbat.
1710 3125 1890 3189 Tunc
1906 3126 2278 3191 Willelmus
2295 3129 2500 3191 fertur

536 3252 743 3295 comes
761 3232 991 3293 dixisse
1014 3250 1029 3291 ε
1072 3236 1109 3265 “
1131 3229 1333 3294 Credo
1351 3232 1419 3291 in
1435 3231 1891 3312 omnipotentis
1907 3228 2034 3293 Dei
2050 3232 2498 3309 misericordia,

535 3339 709 3417 cujus
728 3334 973 3417 judicia.
998 3334 1120 3395 etsi
1146 3334 1276 3395 sint
1301 3333 1568 3407 occulta,
1595 3341 1746 3395 sunt
1760 3342 1977 3396 tamen
1991 3355 2162 3408 vera,
2180 3337 2288 3417 qui
2306 3337 2494 3400 hodie

527 3438 841 3519 justitiam
869 3435 1064 3497 faciet
1089 3436 1252 3497 mihi
1293 3436 1373 3497 de
1417 3434 1706 3498 Heraldo
1743 3436 1852 3517 qui
1895 3438 2182 3518 peq'urus
2223 3438 2498 3503 existens

533 3539 717 3601 hodie
733 3545 959 3601 contra
975 3558 1078 3599 me
1098 3538 1293 3600 audet
1319 3539 1402 3599 ad
1420 3558 1704 3621 pugnam
1718 3534 1995 3601 venire.”
2078 3538 2238 3601 Haec
2259 3541 2490 3617 dicens,

531 3662 882 3724 equumque
928 3662 1112 3703 suum
1144 3661 1331 3723 super
1376 3661 1501 3723 quo
1546 3641 1806 3703 sedebat
1847 3641 2196 3704 calcaribus
2241 3662 2491 3725 urgens,

531 3765 714 3827 super
733 3742 990 3825 Anglos.
1013 3744 1223 3817 irruit,
1244 3764 1562 3825 unumque
1590 3764 1671 3805 ex
1693 3743 1821 3805 inis
1846 3744 2203 3825 percutiens
2232 3746 2490 3809 interfe-

530 3849 634 3911 cit.
718 3847 787 3911 N
786 3869 871 3911 on
887 3848 1093 3910 multo
1108 3868 1260 3910 vero
1274 3856 1417 3929 post
1430 3848 1688 3929 quidam
1705 3867 1940 3909 cuneus
1970 3845 2039 3909 N
2039 3868 2488 3913 ermannorum

528 3951 657 4014 fere
682 3972 877 4033 usque
904 3952 987 4012 ad
1004 3950 1181 4012 mille
1208 3952 1470 4033 equites,
1497 3970 1577 4011 ex
1604 3949 1808 4011 altera
1832 3956 2012 4030 parte
2041 3946 2285 4031 Anglos
2310 3953 2488 4016 inva-

526 4054 758 4128 denteS,
780 4074 967 4135 super
987 4053 1129 4116 issos
1147 4038 1292 4114 cum
1315 4052 1608 4115 horribili
1629 4052 1871 4132 impetu
1891 4071 2142 4114 currere
2163 4062 2498 4136 coeperunt

526 4158 701 4237 quasi
752 4157 895 4219 illos
946 4165 1273 4238 percutere
1325 4156 1628 4218 volentes·
1713 4152 1842 4215 Sed
1892 4174 2087 4235 quum
2155 4176 2350 4239 usque
2403 4158 2488 4220 ad

525 4260 663 4323 illos
752 4263 1200 4344 pervenissent,
1284 4261 1463 4342 quasi
1547 4261 1850 4321 timerent
1917 4278 2040 4334 eos,
2133 4259 2354 4341 fugere
2420 4280 2486 4322 se
