3192 5050
729 648 842 713 108
1083 664 1293 712 semp.
1335 663 1574 711 RERUM
1615 664 1803 709 GEsr.
1848 660 2194 709 wiLLELm
2236 662 2280 709 1.

726 810 1142 882 contenderet,
1171 810 1412 869 itineris
1431 809 1659 869 marini
1688 806 1959 888 periculo
1986 826 2167 867 evaso
2193 805 2372 866 littus
2400 802 2666 886 arripuit

729 913 1002 987 Pontivi,
1029 914 1138 975 ubi
1159 915 1224 974 in
1244 934 1465 974 manus
1489 910 1751 974 Comitis
1772 909 2075 972 Guidonis
2094 908 2334 969 incidit.
2392 906 2578 990 Capti
2598 909 2667 967 in

727 1020 1070 1081 custodiam
1099 1018 1433 1079 traduntur
1457 1018 1586 1096 ipse
1615 1022 1681 1074 et
1710 1015 2042 1075 comitatus
2068 1015 2120 1093 ej
2128 1033 2231 1086 us3
2274 1012 2439 1093 quod
2476 1011 2670 1071 infor-

727 1126 976 1185 tunium
996 1125 1094 1184 vir
1110 1125 1264 1184 adeo
1284 1141 1548 1203 magnus
1565 1119 1896 1199 naufragio
1912 1125 2202 1178 mutaret.
2250 1114 2484 1179 Docuit
2498 1117 2666 1177 enim

729 1228 1009 1289 avaritiae
1035 1226 1344 1288 calliditas
1374 1224 1720 1287 Galliarum
1747 1226 2044 1306 quasdam
2072 1226 2355 1286 nationes
2380 1243 2669 1285 execran-

727 1334 873 1394 dam
882 1331 1769 1407 consuetudinem,barbaram,
1778 1340 1844 1393 et
1851 1333 1956 1393 lon
1958 1334 2207 1412 giss1me
2219 1332 2299 1393 ab
2306 1332 2478 1393 omni
2485 1330 2672 1411 aequi-

726 1446 860 1499 tate
883 1436 1243 1499 Christiana
1261 1436 1548 1497 alienam.
1593 1434 1947 1517 Illaqueant
1965 1443 2251 1515 potentes
2271 1444 2382 1495 aut
2401 1433 2669 1515 locuple-

732 1550 864 1603 tes:
905 1549 1107 1602 trusos
1132 1541 1198 1600 in
1238 1539 1554 1619 ergastula
1577 1538 1858 1600 afficiunt
1884 1537 2294 1611 contumeliiS,
2320 1537 2675 1599 tormentis-

737 1644 843 1706 Sic
869 1644 1048 1705 varia
1072 1643 1326 1703 miseria
1344 1663 1533 1725 prope
1552 1644 1635 1703 ad
1653 1664 1867 1704 necem
1885 1662 2077 1723 usque
2094 1644 2396 1703 contritos
2412 1644 2464 1722 ej
2471 1642 2679 1701 iciunt'

733 1748 1062 1828 saepissime
1101 1745 1385 1807 venditos
1421 1766 1669 1827 magno.
1748 1742 1993 1808 Directi
2019 1746 2100 1808 ad
2135 1766 2199 1807 se
2226 1744 2375 1807 Dux
2416 1744 2671 1807 Willel-

733 1870 872 1911 mus
897 1857 1123 1911 eventu
1150 1849 1418 1929 cogn-ito,
1439 1869 1697 1930 propere
1726 1852 1927 1912 missis
1944 1850 2186 1933 legatis,
2204 1858 2459 1932 precatu
2486 1848 2670 1911 simul

735 1978 807 2019 ac
834 1958 1023 2018 minis
1049 1963 1363 2017 extortum
1391 1956 1611 2017 obvius
1626 1956 1961 2019 honorifice
1989 1958 2256 2037 suscepit
2275 1977 2437 2017 eum.
2522 1953 2673 2017 Gui-

735 2062 883 2121 doni
910 2060 1313 2132 benemeritO,
1332 2060 1439 2139 qui
1464 2080 1577 2120 nec
1599 2062 1819 2142 pretio,
1847 2084 1961 2123 nec
1987 2062 2287 2124 violentia
2305 2060 2670 2143 compulsus,

733 2170 957 2241 virum,
985 2188 1167 2248 quem
1194 2174 1502 2246 torquere,
1529 2186 1769 2237 necare,
1795 2167 2062 2227 vendere
2079 2167 2379 2247 potuisset
2404 2185 2515 2245 pro
2529 2164 2672 2226 libi·
2750 2240 2755 2247 Ι

735 2284 824 2348 tu,
853 2277 983 2356 ipse
1010 2274 1319 2336 adducens
1345 2273 1511 2355 apud
1532 2272 1815 2333 Aucense
1831 2281 2103 2333 castrum
2120 2273 2239 2333 sibi
2255 2272 2673 2353 praesentavit,

734 2389 943 2463 grates
980 2379 1198 2441 retulit
1225 2379 1583 2459 condignas,
1612 2384 1811 2438 terras
1838 2376 2105 2438 tradidit
2130 2375 2387 2457 amplas,
2415 2395 2488 2436 ac
2514 2374 2673 2436 mul-

736 2492 871 2545 tum
915 2484 1171 2565 opimas,
1215 2483 1458 2545 addidit
1485 2484 1736 2567 insuper
1770 2486 1835 2546 in
1876 2483 2152 2565 pecuniis
2192 2482 2467 2544 maxima
2492 2481 2672 2544 dona.

738 2587 1090 2649 Heraldum
1130 2608 1278 2649 vero
1318 2587 1831 2649 sufficientissime
1872 2610 2014 2650 cum
2053 2589 2286 2651 honore
2327 2590 2393 2648 in
2437 2589 2679 2660 urbem,·

739 2693 833 2752 sui
854 2691 1239 2772 principatus
1265 2698 1469 2771 caput,
1499 2689 1964 2773 Rothomagum
1987 2693 2354 2765 introduxit,
2380 2692 2490 2753 ubi
2515 2691 2675 2752 mul-

740 2795 936 2877 tiplex
988 2794 1435 2875 hospitalitatis
1481 2793 1836 2858 officiositas
1872 2798 1991 2858 viae
2037 2797 2315 2858 laborem
2364 2803 2681 2876 perpessos

734 2898 1176 2980 jucundissime
1231 2906 1555 2959 recrearet.
1640 2897 1961 2963 Nimirum
2016 2901 2454 2983 gratulabatur
2497 2908 2678 2961 tanto

744 3023 926 3086 super
951 3004 1214 3086 hospite,
1244 3005 1363 3064 sibi
1394 3004 1676 3065 omnium
1703 3005 2006 3066 carissimi
2028 3005 2359 3087 propinqui
2395 3011 2461 3065 et
2491 3004 2677 3064 amici

744 3109 988 3189 legato:
1030 3128 1214 3189 quem
1230 3109 1398 3168 inter
1423 3128 1486 3168 se
1515 3115 1580 3169 et
1610 3106 1868 3188 Anglos,
1898 3112 2121 3192 quibus
2148 3132 2187 3172 a
2206 3132 2351 3192 rege
2381 3112 2681 3173 secundus

746 3220 902 3285 erat,
942 3211 1348 3272 mediatorem
1395 3211 1687 3292 sperabat
1726 3210 2110 3276 fidissimum.
2194 3214 2559 3277 coadunato
2599 3215 2683 3276 ad

759 3314 1212 3379 Bonamvillam
1229 3313 1504 3387 consili0,
1525 3313 1655 3374 illic
1673 3313 1990 3381 Heraldus
2006 3322 2062 3381 ei
2081 3319 2451 3382 fidelitatem
2469 3329 2682 3383 sancto

749 3423 877 3483 ritu
926 3419 1422 3482 Christianorum
1442 3422 1699 3499 juravit.
1780 3423 1869 3486 Et
1896 3429 2057 3490 sicut
2091 3429 2489 3502 veracissimi,
2522 3429 2682 3489 mul-

753 3535 938 3606 taque
985 3523 1310 3585 honestate
1353 3523 1825 3601 praeclarissimi,
1865 3531 2147 3596 homines
2192 3535 2549 3606 recitavere,
2576 3535 2683 3614 qui

753 3638 904 3691 tunc
951 3627 1180 3689 affuere
1225 3635 1434 3699 testes,
1477 3629 1544 3687 in
1591 3632 1748 3692 serie
1790 3654 2035 3699 summa
2076 3640 2447 3700 sacramenti
2482 3639 2685 3700 libens

760 3737 889 3816 ipse
917 3733 1048 3794 haeo
1089 3733 1409 3806 distinxit3
1478 3739 1513 3765 “
1535 3754 1599 3794 se
1646 3737 1711 3794 in
1755 3741 1928 3801 curia
1974 3743 2212 3805 domini
2253 3745 2349 3805 sui
2392 3742 2690 3805 Edwardi

761 3836 970 3918 Regis,
1025 3835 1296 3916 quandiu
1350 3847 1708 3916 superesset,
1765 3839 1959 3906 Ducis
2018 3845 2332 3909 Willelmi
2384 3849 2687 3910 vicarium

755 3944 924 4004 fore:
965 3939 1281 4000 enisurum
1330 3948 1564 4020 quanto
1589 3944 1845 4006 consilio
1883 3949 2137 4024 valeret,
2182 3959 2293 4012 aut
2331 3952 2568 4032 opibuS,
2614 3959 2688 4011 ut

763 4043 1033 4124 Anglica
1061 4039 1434 4104 Monarchia
1447 4053 1585 4124 post
1615 4043 1907 4111 Edwardi
1925 4051 2235 4114 decessum
2264 4056 2330 4114 in
2346 4057 2400 4135 ej
2408 4075 2478 4114 us
2496 4075 2688 4114 manu

761 4145 1233 4209 confirmaretur
1255 4167 1268 4205 t
1302 4148 1681 4209 traditurum
1701 4151 1954 4214 interim
1983 4157 2173 4237 ipsius
2190 4156 2467 4217 militum
2488 4163 2688 4216 custo-

760 4256 876 4314 diae
903 4258 1173 4312 castrum
1202 4249 1535 4327 Doveram,
1563 4256 1768 4317 studio
1797 4267 1982 4340 atque
2002 4268 2252 4341 sumptu
2278 4281 2389 4321 suo
2414 4281 2689 4322 commu-

762 4360 1001 4429 nitum3
1042 4356 1195 4416 item
1241 4377 1353 4438 per
1398 4357 1642 4418 diversa
1687 4359 1824 4422 loca
1862 4360 2028 4423 illius
2074 4371 2254 4424 terrae
2298 4363 2424 4424 alia
2466 4371 2691 4436 castra,
