3192 5050
786 660 1005 709 cns'rA
1047 656 1396 710 WILLELMI
1437 660 1641 709 nucis
1682 656 2228 710 NORMANNORUM.
2349 644 2467 706 153
2519 636 2523 641 ’

517 825 630 867 suo
691 826 973 889 pugnare
1027 807 1245 868 solitus
1287 814 1444 868 erat.
1531 806 1601 869 Si
1644 804 1918 870 Romani
1973 806 2161 881 illius,
2206 814 2275 868 et
2316 814 2468 867 'nos-

521 913 606 972 tri
649 910 958 993 Principis
999 919 1142 973 acta
1187 912 1491 973 attentius
1532 914 1933 993 perspexeris,
1980 912 2160 973 illum
2198 920 2468 973 temera-

520 1015 684 1075 rium
732 1023 919 1096 atque
955 1015 1220 1077 fortunae
1264 1014 1454 1076 nimis
1499 1015 1957 1089 confidentem3
1997 1014 2165 1077 hunc
2210 1015 2467 1077 omnino

521 1120 851 1201 providum
897 1120 1238 1195 hominem,
1286 1120 1395 1201 qui
1441 1121 1645 1200 magis
1690 1120 1931 1202 optimo
1972 1120 2230 1183 consilio
2273 1139 2466 1201 quam

517 1244 667 1286 casu
711 1245 811 1286 res
854 1225 1014 1286 bene
1059 1224 1339 1305 gesserit,
1386 1231 1554 1285 recte
1601 1224 1784 1285 dices.
1866 1222 2192 1286 Postremo
2241 1221 2467 1295 Caesar,

517 1330 882 1392 civitatibus
926 1329 1166 1410 aliquot
1209 1329 1276 1388 in
1324 1325 1707 1389 deditionem
1754 1337 1820 1391 et
1870 1328 2191 1391 obsidibus
2236 1347 2276 1389 a
2318 1325 2465 1389 Gas-

522 1436 868 1499 sivellauno
908 1434 1196 1515 acceptis„
1243 1452 1359 1494 nec
1396 1452 1523 1494 non
1547 1472 1550 1477 -
1570 1422 1895 1514 aliquanto
1939 1436 2260 1517 vectigali,
2303 1440 2469 1515 quod

522 1543 589 1601 in
633 1560 830 1602 annos
873 1536 1150 1619 singulos
1189 1535 1526 1598 Britannia
1569 1537 1801 1618 populo
1842 1536 2130 1602 Romano
2148 1542 2469 1622 penderet,

519 1644 880 1715 constitute,
928 1641 1268 1712 exercitum
1315 1638 1567 1701 difficile
1606 1640 1847 1703 duobus
1898 1642 2349 1709 commeatibus
2400 1650 2469 1709 in

524 1746 815 1830 Belgium
868 1746 1246 1828 reportavit3
1286 1744 1550 1806 navibus
1597 1746 1839 1828 quippe
1871 1747 2138 1823 refectis,
2191 1759 2257 1812 et
2308 1754 2470 1813 min-

520 1852 647 1913 oris
687 1871 875 1933 quam
919 1849 1265 1911 adduxerat
1308 1848 1577 1923 numeri,
1635 1850 1718 1911 ob
1776 1851 2259 1928 incommodum,
2305 1858 2470 1937 quod

519 1976 602 2018 ex
627 1950 1019 2038 ‘tempestate
1065 1954 1396 2015 acciderat.
1481 1951 1627 2013 Tali
1672 1953 1931 2015 minime
1960 1953 2325 2021 Willelmus
2352 1962 2474 2021 dif-

521 2058 804 2121 ficultate
849 2058 1217 2139 angebatur.
1298 2054 1564 2117 Pararet
1610 2056 1670 2117 ei
1708 2075 1862 2136 gens
1902 2058 2120 2119 eadem
2161 2060 2474 2143 imperan-

521 2165 577 2224 ti
621 2164 879 2243 navigia
921 2180 1086 2222 nova
1129 2160 1213 2221 ad
1251 2179 1582 2219 numerum
1624 2166 1691 2220 et
1727 2160 1984 2221 modum
2026 2181 2210 2243 quem
2264 2166 2475 2243 vellet,

524 2268 776 2348 insuper
820 2262 1080 2325 metallo
1123 2263 1398 2345 pretioso
1442 2262 1754 2337 decorata,
1789 2263 1945 2325 velis
1996 2268 2323 2348 purpureis
2367 2270 2476 2331 ad-

523 2377 767 2443 ornata,
820 2368 1040 2449 peritis
1091 2366 1451 2446 remigibuS,
1505 2364 1761 2427 delectis
1812 2367 2335 2448 gubernatoribus
2380 2374 2476 2433 in-
2556 2440 2562 2449 ,

523 2481 778 2536 structa.
861 2467 962 2533 En
990 2490 1178 2553 quam
1223 2468 1490 2551 gloriose
1543 2477 1825 2533 revectus
1876 2479 1991 2546 est,
2042 2472 2170 2536 'non
2200 2476 2474 2553 trahenS,

525 2586 597 2639 ut
641 2575 934 2651 Romani,
979 2575 1204 2657 vulgus
1228 2574 1582 2655 captivum3
1624 2575 1734 2635 sed
1772 2575 2009 2638 habens
2056 2578 2123 2638 in
2170 2581 2474 2643 comitatu

521 2690 589 2743 et
607 2682 901 2763 obsequio
920 2700 1031 2742 suo
1051 2680 1244 2742 totius
1265 2677 1613 2740 Britanniae
1631 2676 2081 2762 Episcoporum
2105 2681 2473 2760 Primatem‚

513 2790 714 2867 'atque
765 2804 1027 2866 magnos
1073 2784 1140 2844 in
1193 2783 1631 2845 transmarinis
1686 2781 1999 2847 Goenobiis
2053 2786 2356 2862 Abbates,
2410 2798 2477 2851 et

523 2890 684 2952 filios
730 2890 1081 2972 Anglorum
1129 2896 1262 2950 tam
1301 2888 1653 2949 stemmatis
1694 2909 1881 2971 quam
1928 2911 2118 2972 opum
2160 2893 2473 2975 dignitate

523 2995 728 3078 Reges
765 2993 1185 3077 appellandos
1266 2993 1511 3056 Attulit
1535 3013 1663 3055 non
1690 2994 2150 3076 aliquantulum
2178 3000 2473 3082 vectigal,

524 3121 652 3163 non
694 3102 963 3181 rapinas,
1003 3099 1114 3160 sed
1152 3106 1456 3179 quantum
1497 3118 1576 3158 ex
1615 3099 1853 3162 ditione
1891 3102 2087 3162 trium
2131 3101 2480 3166 Galliarum

524 3205 632 3267 vix
677 3203 1077 3285 colligeretur
1119 3209 1452 3283 argentum
1507 3209 1696 3282 atque
1750 3223 1993 3277 aurum,
2051 3206 2217 3286 quod
2268 3209 2481 3269 rectis-

527 3308 685 3368 simo
731 3309 871 3387 jure
924 3313 1284 3386 acceperat3
1329 3302 1494 3387 quod
1542 3304 1652 3366 ubi
1704 3305 2154 3370 honestissimae
2206 3312 2483 3373 rationes

525 3409 938 3493 postularent,
986 3409 1341 3490 expendere
1367 3408 1709 3488 cogitabat.
1793 3407 1988 3472 Chari
2013 3413 2257 3474 metalli
2284 3416 2484 3477 abun-

526 3513 748 3574 dantia
790 3511 1225 3593 multipliciter
1275 3509 1514 3573 Gallias
1538 3519 1712 3574 terra
1739 3512 1847 3575 illa
1873 3515 2088 3577 vincit.
2170 3516 2267 3579 Ut
2306 3521 2476 3581 enim

525 3613 819 3679 horreum
869 3614 1113 3678 Cereris
1156 3616 1422 3676 dicenda
1465 3616 1717 3677 videtur
1769 3616 2072 3681 frumenti
2126 3623 2323 3703 copia,
2390 3626 2478 3686 sic

520 3722 816 3784 aerarium
865 3720 1120 3782 Arabiae
1166 3722 1304 3782 auri
1350 3721 1546 3803 copia.
1632 3719 2026 3784 Mentionem
2073 3745 2257 3807 super
2302 3726 2346 3788 J
2350 3729 2479 3791 ulio

527 3826 791 3899 Oaesare,
838 3846 976 3907 quae
1015 3823 1176 3886 forte
1215 3833 1469 3886 notetur
1492 3827 1687 3907 ‚quasi
1727 3827 2051 3908 derogans,
2090 3832 2478 3896 omittamus.

530 3931 684 3994 Fuit
737 3933 947 4014 itaque
1001 3930 1266 3991 eximius
1320 3929 1468 3992 Dux
1522 3929 1790 3992 lectione
1845 3933 2063 3994 doctus
2124 3934 2481 4002 Graecorum

527 4045 838 4118 praecepta
896 4034 1216 4108 militaria,
1283 4034 1516 4096 militia
1582 4034 1873 4098 Romana
1938 4059 2079 4100 cum
2147 4040 2330 4102 laude
2398 4047 2481 4106 ab

529 4142 948 4204 adolescentia
1019 4162 1180 4215 usuS,
1244 4141 1478 4203 virtute
1538 4150 1900 4204 consecutus
1952 4145 2124 4206 urbis
2188 4146 2486 4212 Consula-

527 4254 686 4307 tum.
786 4245 969 4308 Bella
1024 4245 1228 4307 multa
1285 4267 1426 4308 cum
1488 4246 1799 4309 bellicosis
1862 4251 2155 4330 gentibus
2220 4252 2489 4317 feliciter

528 4361 718 4432 atque
760 4350 1047 4412 celeriter
1091 4351 1376 4425 confecit,
1431 4353 1763 4416 novissime
1806 4351 2093 4430 Romam,
2150 4356 2381 4420 Africae
2420 4368 2487 4421 et

2107 4474 2162 4520 M
