3192 5050
689 633 806 695 144
1014 649 1224 696 semp,
1267 648 1508 695 RERUM
1547 648 1738 695 ons'r.
1780 648 2129 698 w1LLELM1
2169 652 2217 697 1.

687 802 834 855 sunt
884 794 1307 876 negotiatores
1357 813 1515 874 gaza
1565 793 1922 856 advectitia.
2026 793 2297 857 Maximi
2350 816 2627 870 numero,

687 918 937 979 genere,
963 898 1230 961 artificio
1256 898 1534 960 thesauri
1559 898 1886 979 compositi
1925 898 2191 974 fixerant,
2224 907 2336 961 aut
2362 900 2631 961 custodi-

689 1004 835 1065 endi
861 1003 944 1065 ad
968 1023 1200 1065 vanum
1227 1002 1530 1083 gaudium
1558 1003 1857 1076 avaritiae,
1884 1011 1997 1064 aut
2026 1003 2177 1065 luxu
2204 1003 2476 1085 Anglico
2498 1010 2629 1065 tur-

687 1108 854 1189 piter
869 1106 1289 1169 consumendi.
1374 1104 1651 1187 Quorum
1670 1114 1915 1188 partem
1936 1107 2019 1168 ad
2033 1107 2350 1170 ministros
2364 1107 2628 1170 confecti

688 1211 841 1273 belli
863 1210 1195 1293 magnifice
1222 1213 1524 1293 erogavit,
1550 1210 1825 1293 plurima
1850 1230 1923 1272 ac
1949 1212 2395 1293 pretiosissima
2419 1211 2630 1294 egenis

689 1322 755 1377 et
795 1314 1198 1378 Monasteriis
1225 1315 1608 1377 diversarum
1647 1315 2106 1397 provinciarum
2133 1316 2471 1377 distribuit.
2552 1314 2631 1377 Id

689 1418 1134 1481 munificentiae
1157 1418 1432 1481 studium
1458 1418 1701 1500 adjuvit
1727 1439 1852 1481 non
1879 1419 2158 1481 modicus
2183 1440 2417 1494 census,
2445 1440 2629 1501 quem

687 1525 961 1605 undique
987 1524 1277 1587 civitates
1302 1532 1368 1585 ct
1394 1523 1732 1604 locupletes
1757 1524 1981 1606 quique
2010 1525 2368 1587 obtulerant
2392 1526 2631 1587 novitio

689 1628 983 1691 Domino.
1066 1625 1366 1690 Romanae
1409 1625 1702 1689 Ecclesiae
1742 1629 1943 1690 sancti
1980 1627 2156 1690 Petri
2190 1630 2516 1711 pecuniam
2562 1630 2630 1691 in

689 1752 842 1794 auro
868 1739 1055 1812 atque
1083 1738 1346 1811 argento
1372 1731 1739 1811 ampliorem
1779 1752 1967 1813 quam
1994 1733 2166 1795 dictu
2192 1733 2487 1795 credibile
2513 1734 2631 1807 sit3

688 1842 1060 1897 ornamenta
1076 1854 1212 1915 quae
1242 1832 1620 1915 Byzantium
1640 1835 1945 1917 perchara
1970 1836 2250 1911 haberet,
2278 1838 2345 1897 in
2372 1856 2629 1899 manum

689 1938 1038 2001 Alexandri
1084 1937 1273 2019 Papae
1309 1940 1675 2000 transmisit.
1757 1938 2171 2003 Memorabile
2211 1962 2451 2023 quoque
2486 1961 2631 2004 vex-

692 2043 872 2104 illum
943 2041 1232 2116 Heraldi,
1287 2042 1558 2104 hominis
1621 2044 1852 2105 armati
1924 2044 2264 2126 imaginem
2322 2046 2630 2106 intextam

690 2150 927 2211 habens
952 2170 1031 2210 ex
1067 2168 1219 2210 auro
1245 2148 1609 2231 purissimo:
1650 2146 1772 2229 quo
1814 2149 2009 2231 spolio
2046 2171 2159 2231 pro
2185 2170 2441 2211 munere
2474 2153 2632 2231 ejus·

689 2253 833 2314 dem
880 2252 1224 2335 Apostolici
1289 2252 1680 2333 benignitate
1735 2253 1855 2314 sibi
1905 2254 2093 2314 misso
2151 2274 2271 2335 par
2311 2253 2633 2315 redderet:

690 2357 877 2419 simul
903 2366 968 2419 et
993 2357 1381 2439 triumphum
1410 2358 1486 2418 de
1513 2365 1786 2437 tyranno
1810 2355 2029 2419 Romae
2053 2357 2430 2439 ulteriusque
2456 2367 2633 2440 opta-

691 2470 828 2525 tum
848 2462 1104 2545 pulchre
1125 2462 1448 2523 indicaret.
1533 2460 1767 2544 Quanti
1787 2460 2163 2523 famulorum
2188 2460 2422 2523 Christi
2440 2464 2632 2525 coetus

690 2578 827 2631 tum
853 2568 984 2630 laeti
1007 2568 1356 2650 gratiarum
1391 2566 1657 2647 hymnos
1682 2568 1992 2629 canebant
2026 2588 2139 2649 pro
2164 2569 2417 2642 victore,
2446 2577 2655 2630 antea·

667 2674 964 2736 'fautores
1005 2671 1174 2732 illius
1199 2691 1453 2753 precum
1479 2678 1821 2745 armatura,
1868 2673 2229 2734 summatim
2278 2674 2630 2734 recitamus.

667 2776 875 2840 'Mille
903 2774 1197 2836 Ecclesiis
1223 2771 1523 2846 Franciae,
1545 2773 1925 2854 Aquitaniae,
1954 2773 2351 2856 Burgundiae,
2372 2797 2486 2838 nec
2505 2797 2631 2839 non

689 2881 1032 2952 Arverniae,
1080 2877 1467 2958 aliarumque
1511 2877 1839 2960 regionum
1884 2887 2183 2960 perpetuo
2225 2880 2467 2942 celebre
2510 2882 2632 2942 erit

689 2983 1006 3047 Willelmi
1045 2980 1238 3062 Regis
1264 2980 1643 3042 memoriale.
1726 2979 2028 3043 Beneficii
2066 2984 2436 3064 magnitudo
2474 3004 2633 3045 sem-

689 3109 802 3171 per
835 3088 1052 3150 vivens
1092 3086 1255 3147 mori
1292 3083 1707 3146 benefactoris
1752 3087 2118 3147 memoriam
2165 3108 2291 3149 non
2337 3089 2633 3170 patietur.

690 3193 853 3256 Aliae
876 3190 1104 3254 Cruces
1128 3208 1346 3251 aureas
1365 3189 1701 3250 admodum
1721 3188 1989 3270 grandes
2008 3190 2339 3272 insigniter
2355 3212 2632 3273 gemma-

691 3305 808 3372 tas,
828 3296 1133 3378 pleraeque
1161 3293 1357 3354 libras
1375 3293 1512 3354 auri
1538 3293 1738 3355 velex
1764 3293 1981 3355 eodem
2008 3293 2269 3356 metallo
2291 3315 2459 3370 vasa,
2478 3316 2633 3358 non-

664 3401 877 3463 'nullae
918 3399 1112 3482 pallia
1136 3397 1238 3461 vel
1264 3397 1604 3479 pretiosum
1630 3397 1804 3458 aliud
1838 3398 1989 3478 quid
2023 3418 2330 3480 accepere.
2416 3398 2637 3480 Splen-

690 3507 833 3567 dide
851 3505 1186 3567 adornaret
1197 3499 1755 3582 Metropolitanam
1766 3500 2120 3576 Basilicam,
2131 3502 2295 3583 quod
2303 3503 2632 3564 minimum

690 3614 759 3674 in
804 3610 905 3672 his
947 3609 1128 3671 donis
1156 3606 1584 3669 Coenobiolum
1625 3605 1878 3688 aliquod
1915 3606 2274 3670 laetificavit.
2354 3608 2637 3672 Ducibus

693 3724 882 3797 atque
923 3712 1201 3794 Regibus
1238 3711 1388 3784 haec,
1433 3717 1499 3770 et
1525 3711 1757 3790 scripta
1781 3711 1848 3770 in
1889 3711 2005 3772 hoc
2045 3709 2291 3774 Libello
2316 3714 2635 3796 complura

694 3823 1076 3882 innotescere
1130 3814 1340 3888 velim,
1393 3814 1476 3876 ad
1527 3814 1900 3896 exemplum,
1959 3823 2071 3878 aut
2134 3817 2631 3880 incitamentum.

698 3925 970 3988 Munera
1015 3921 1265 4004 quidem
1309 3919 1667 4000 gratissima
1706 3915 2117 3981 Normanniae
2162 3921 2550 3984 advenerunt
2594 3944 2637 3984 a

694 4050 806 4092 suo
845 4027 1013 4089 dulci
1037 4033 1208 4099 nato,
1243 4024 1348 4106 pio
1373 4031 1571 4106 patre,
1613 4022 1949 4084 festinante
1990 4022 2217 4085 affectu
2241 4025 2450 4100 missa,
2489 4047 2633 4088 cum

693 4132 934 4196 saevitia
973 4129 1270 4211 temporis
1309 4135 1496 4209 atque
1534 4127 1746 4200 marie,
1786 4127 2063 4190 intrante
2110 4126 2153 4190 J
2156 4131 2434 4204 anuario,
2474 4138 2633 4192 esset

691 4237 1014 4301 acerrima.
1096 4231 1410 4294 Nuntium
1456 4252 1606 4294 vero
1658 4239 1932 4304 eventuS,
1978 4235 2074 4313 cuj
2081 4253 2152 4294 us
2204 4235 2637 4314 expectatione

694 4344 938 4405 intenta
983 4339 1105 4401 fuit
1147 4345 1211 4399 et
1257 4337 1462 4411 anxia,
1509 4335 1737 4398 millies
1782 4336 2082 4398 cariorem
2130 4339 2385 4419 accepit.
2496 4337 2639 4400 Nec
