3192 5050
749 596 867 661 120
1107 612 1317 661 semp.
1358 612 1600 661 RERUM
1639 611 1827 661 ens'r.
1870 610 2218 661 WILLELm
2258 612 2303 661 1.

749 762 1053 821 muniens
1144 758 1483 839 Mysticum
1534 778 1802 839 namque
1854 757 2010 818 illud
2062 758 2369 821 rationale
2423 757 2692 841 pectoris

755 866 972 927 Aaron
999 872 1435 926 ornamentum
1462 862 1870 945 spiritualiter
1909 866 2043 944 ejus
2067 862 2333 924 adornat
2358 864 2697 926 interiora:

754 978 1005 1050 patrum
1045 968 1462 1041 sanctitatem,
1509 987 1772 1047 quorum
1808 966 1869 1027 ei
1910 966 2169 1027 nomina
2206 968 2461 1030 inscribi
2486 970 2698 1049 praeci·

753 1074 1030 1155 piuntur,
1082 1072 1322 1153 jugiter
1384 1090 1799 1132 commonens.
1910 1068 2013 1131 Ne
2078 1090 2228 1133 vero
2280 1091 2467 1152 supra
2524 1073 2698 1134 modi

753 1176 1021 1237 limitem
1047 1174 1490 1256 digrediamur,
1517 1175 1668 1235 dum
1695 1194 1807 1256 per
1830 1173 2276 1236 honestissimae
2294 1176 2441 1237 vitae
2460 1176 2699 1256 templa

746 1280 1022 1360 jucunda
1046 1286 1371 1359 raptamur
1395 1277 1905 1352 consideratione,
1937 1277 2019 1338 ad
2044 1277 2341 1358 principis
2382 1276 2699 1340 Willelmi

753 1392 932 1465 gesta
956 1384 1186 1446 reverti
1211 1382 1432 1463 placet.

833 1485 1159 1568 Hispaniae
1184 1506 1362 1567 reges
1380 1486 1504 1547 duo
1521 1487 1827 1567 germani,
1855 1486 2072 1547 audita
2090 1489 2223 1566 ejus
2241 1487 2697 1568 magnitudine,

752 1600 970 1653 natam
1024 1593 1156 1672 ejus
1206 1591 1272 1650 in
1328 1590 1801 1650 matrimonium
1854 1590 2316 1667 cupientissime
2361 1592 2697 1672 petierunt,

753 1714 932 1756 suum
968 1702 1034 1755 et
1073 1713 1336 1775 regnum
1368 1699 1434 1754 et
1460 1694 1890 1773 posteritatem
1917 1692 2036 1754 hac
2061 1692 2526 1775 magnificaturi
2564 1695 2697 1757 affi-

752 1799 973 1859 nitate.
1056 1795 1228 1858 Nam
1275 1803 1341 1857 et
1386 1795 1464 1857 lis
1503 1795 1685 1858 valde
1724 1796 1982 1856 inimica
2027 1796 2195 1857 inter
2239 1797 2403 1878 ipsos
2442 1807 2699 1877 propter

751 1922 891 1964 eam
937 1909 1078 1964 orta
1115 1910 1210 1963 est
1255 1901 1514 1960 minime
1561 1900 1951 1980 degenerem,
1997 1900 2106 1961 sed
2140 1902 2397 1963 omnino
2438 1903 2695 1984 dignam

749 2005 868 2067 tali
910 2014 1188 2085 parente,
1235 2005 1322 2066 sic
1356 2003 1635 2064 moribus
1660 2011 1967 2077 ornatam,
1995 2004 2083 2065 sie
2109 2005 2176 2065 in
2204 2024 2417 2067 amore
2459 2004 2696 2067 Christi

751 2112 1110 2184 studiosam,
1150 2118 1222 2171 ut
1262 2108 1496 2190 reginis
1540 2127 1614 2169 ac
1656 2108 2232 2171 sanctimonialibus
2256 2109 2540 2191 exemplo
2565 2131 2694 2172 esse

750 2222 954 2297 posset
1000 2212 1208 2295 puella
1252 2233 1377 2274 non
1418 2211 1647 2274 velata.
1737 2210 2210 2286 Admirabatur,
2257 2206 2574 2287 laudabat,
2620 2234 2693 2276 ac

749 2318 1166 2382 venerabatur
1203 2338 1347 2379 eum
1387 2336 1576 2397 supra
1599 2316 1859 2377 nomina
1883 2335 2103 2397 regum
2144 2316 2393 2397 imperii
2422 2314 2694 2379 Romani

747 2427 1060 2505 majestas,
1087 2425 1259 2504 cujus
1283 2421 1435 2483 olim
1461 2410 1941 2501 gloriosissimus
1965 2420 2322 2483 moderator
2360 2418 2693 2497 Henricus,

755 2529 1027 2592 Conradi
1055 2525 1461 2609 Imperatoris
1489 2525 1764 2606 Augusti
1790 2522 1976 2598 filius,
2002 2545 2142 2586 cum
2174 2525 2307 2606 ipso
2334 2525 2527 2587 etiam
2554 2535 2691 2588 tum

747 2653 958 2714 puer0,
999 2630 1196 2693 veluti
1221 2650 1362 2691 cum
1389 2629 1885 2690 nominatissimo
1910 2648 2076 2708 rege,
2120 2629 2463 2691 amicitiam
2484 2632 2693 2710 junxit

750 2755 824 2796 ac
850 2735 1231 2796 societatem.
1310 2729 1463 2811 Ejus
1498 2732 1669 2792 enim
1696 2731 1898 2792 adhuc
1940 2731 2120 2811 pueri
2159 2751 2386 2792 nomen
2430 2731 2692 2794 clarissi-

749 2860 923 2900 mum
970 2859 1081 2921 per
1121 2844 1339 2919 gentes
1379 2836 1716 2897 ferebatur.
1802 2832 1927 2895 Sed
1972 2834 2049 2894 de
2091 2835 2524 2916 magnitudine
2569 2837 2691 2898 viri

749 2943 1064 3004 disseram.
1149 2939 1425 3021 Optabat
1465 2939 1632 2999 hunc
1658 2937 1931 3000 vicinum
1959 2945 2024 2998 et
2062 2938 2331 2998 amicum
2373 2939 2601 3001 nobilis
2626 2948 2693 3002 et

746 3046 974 3127 ampla,
1019 3044 1353 3125 multisque
1400 3042 1650 3124 regibus
1695 3041 2040 3114 dominans,
2086 3040 2689 3125 Constantinopolis3

745 3173 868 3233 quo
884 3156 1341 3232 propugnatore
1361 3153 1678 3229 sperneret
1692 3165 1950 3226 gravem
1965 3145 2312 3226 potentiam
2331 3145 2687 3226 Babylonis.

747 3255 791 3318 J
794 3276 897 3317 am
925 3256 992 3315 in
1029 3252 1488 3315 Normanniam
1530 3270 1715 3310 nemo
1750 3247 2087 3310 confinium
2131 3249 2460 3328 quicquam
2501 3249 2689 3311 aude-

746 3361 874 3422 bat.
983 3356 1080 3419 Ut
1121 3357 1515 3427 seditionum,
1560 3355 1649 3414 sic
1689 3353 1932 3414 externi
1977 3350 2129 3412 belli
2175 3351 2445 3432 procella
2485 3355 2689 3418 omnis

745 3464 1096 3527 defremuit.
1193 3459 1491 3532 Franciae,
1540 3457 1936 3538 Burgundiae,
1984 3457 2138 3516 item
2186 3455 2447 3519 ulterius
2488 3479 2687 3520 remo·

744 3578 954 3630 tarum
980 3566 1439 3649 provinciarum
1468 3561 1768 3624 Praesules
1818 3567 2005 3640 atque
2053 3557 2327 3620 Comites
2373 3558 2687 3622 Norman-

745 3673 866 3733 niae
891 3670 1129 3733 domini
1148 3668 1385 3729 curiam
1404 3664 1921 3746 frequentabant:
1962 3661 2072 3722 alii
2092 3669 2165 3722 ut
2184 3662 2458 3736 consilia,
2486 3664 2597 3724 alii
2615 3673 2686 3725 ut

746 3773 1048 3838 beneficia
1066 3774 1434 3852 acciperent,
1453 3768 1733 3850 plerique
1754 3765 1885 3826 sola
1902 3765 2112 3845 gratia
2130 3764 2477 3845 gloriaturi.
2536 3765 2686 3829 Por—

743 3888 846 3940 tus
865 3890 930 3939 et
947 3876 1258 3957 refugium
1279 3882 1422 3955 apte
1442 3871 1887 3934 nominabatur
1906 3871 2038 3948 ejus
2057 3869 2431 3949 benignitas,
2458 3869 2685 3930 admit..

743 3992 885 4043 tens
921 3988 985 4040 et
1019 3979 1300 4040 relevans
1334 3975 1652 4058 plurimos.
1735 3971 2044 4033 Homines
2079 3971 2332 4032 advenae
2364 3981 2687 4033 cernentes

745 4085 909 4165 apud
936 4104 1045 4144 nos
1073 4083 1309 4162 equites
1329 4077 1472 4152 hac,
1499 4078 1663 4150 illac,
1701 4096 1957 4156 pergere
1984 4077 2269 4147 inermes,
2310 4083 2375 4136 et
2403 4076 2684 4157 quodque

743 4193 864 4250 iter
879 4188 1096 4266 cuique
1112 4186 1312 4247 vianti
1328 4192 1534 4244 tutum
1551 4181 1896 4263 patere,huj
1903 4178 2215 4240 uscemodi
2230 4179 2684 4240 beatitudinem

742 4293 985 4374 quoties
1025 4297 1392 4370 exoptavere
1434 4288 1556 4348 suis
1597 4283 1985 4364 regionibus!
2044 4284 2204 4344 hanc
2246 4303 2481 4364 pacem,
2523 4284 2686 4345 hanc
