3192 5050
1222 578 1472 625 mzsws
1513 577 1831 624 nummo.
2472 561 2512 622 5

539 719 862 784 willelmi
891 719 1158 784 Comitis
1186 719 1252 784 N
1255 741 1705 783 ormannorum
1724 719 2031 803 pervenit.
2116 718 2298 801 Quod
2313 740 2507 802 quum

539 825 816 886 audisset
841 832 909 885 et
948 844 1064 906 pro
1087 833 1262 886 certo
1287 825 1629 897 didicisset,
1668 823 1838 905 quod
1862 821 2185 885 Heraldus
2210 824 2277 884 in
2304 824 2509 888 omni-

544 930 664 990 bus
711 948 850 1010 quae
886 929 948 989 ei
987 931 1315 1009 juraverat
1339 930 1629 1009 perjurus
1654 934 1834 1001 esset,
1876 946 2066 1008 quam
2092 928 2281 988 citius
2298 928 2509 1010 potuit

543 1032 810 1094 barones
839 1029 908 1093 N
908 1030 1254 1092 ormanniae
1280 1030 1365 1091 ad
1389 1029 1727 1092 concilium
1756 1030 2087 1091 convocari
2112 1029 2281 1104 fecit,
2309 1031 2509 1112 iisque

541 1135 829 1196 ostendit·
847 1134 1159 1214 quomodo
1199 1130 1524 1194 Heraldus
1561 1150 1857 1194 coronam
1886 1133 2067 1214 regni
2108 1132 2361 1215 Angliae
2386 1133 2509 1195 sibi

544 1237 961 1318 imposuisset,
999 1237 1080 1298 de
1132 1255 1256 1316 quo
1293 1233 1644 1296 Edwardus
1669 1242 1975 1316 cognatus
2000 1255 2149 1298 suus
2194 1236 2507 1298 haeredem

544 1360 691 1401 eum
717 1340 983 1412 fecisset,
1010 1345 1077 1400 et
1096 1358 1221 1419 quo
1245 1337 1436 1399 modo
1462 1336 1632 1398 idem
1660 1335 1983 1400 Heraldus
2000 1338 2079 1400 de
2100 1339 2511 1401 sacramentis

545 1463 682 1524 quae
702 1443 824 1504 sibi
844 1444 912 1503 in
943 1440 1348 1504 Normannia
1373 1439 1629 1513 fecerat,
1650 1440 1840 1502 modo
1865 1443 2153 1522 perjurus
2176 1443 2508 1504 extitisset.

549 1544 910 1608 Normanni
936 1551 1172 1618 autem,
1198 1544 1318 1605 hoc
1343 1543 1582 1615 audito,
1609 1561 1737 1604 non
1778 1562 2005 1624 parum
2044 1545 2197 1606 irati
2222 1545 2301 1606 de
2326 1553 2515 1607 tanta

547 1647 949 1721 contumelia,
1011 1667 1202 1728 quam
1257 1643 1580 1707 Heraldus
1634 1642 1917 1707 Domino
1963 1646 2218 1709 illorum
2264 1655 2333 1710 et
2384 1647 2513 1711 illis

545 1752 811 1825 fecisset,
827 1750 1250 1813 communiter
1261 1749 1323 1810 ei
1345 1747 1677 1810 consilium
1693 1748 2021 1823 dederunt,
2032 1757 2107 1811 ut
2122 1751 2201 1812 de
2222 1749 2513 1814 Heraldo

519 1894 526 1900 -
547 1859 799 1938 perjuro
823 1875 936 1917 suo
951 1875 1018 1916 se
1030 1853 1352 1916 vindicare
1369 1859 1755 1933 procuraret,
1772 1873 2189 1935 coronamque
2206 1855 2303 1916 ssli
2322 1856 2511 1937 adep-

548 1970 704 2034 tam,
733 1961 786 2022 si
813 1959 1002 2022 aliter
1025 1978 1154 2020 non
1179 1957 1506 2038 potuisset,
1532 1975 1647 2037 per
1670 1955 1911 2018 bellum
1937 1957 2061 2020 sibi
2078 1957 2307 2022 saltem
2332 1961 2515 2022 resti-

551 2072 778 2127 tueret.

633 2165 772 2248 Quo
795 2164 1057 2227 consilio
1083 2169 1386 2244 suscepte,
1417 2162 1715 2243 praecepit
1740 2169 1816 2224 ut
1842 2182 2033 2243 quam
2060 2164 2247 2226 citius
2266 2174 2521 2246 possent

551 2289 768 2332 omnes
793 2269 1058 2330 barones
1080 2265 1494 2329 Normanniae
1518 2264 1943 2346 unusquisque
1970 2266 2314 2328 secundum
2340 2287 2520 2330 suam

549 2371 1035 2454 possibilitatem
1082 2387 1276 2431 naves
1301 2376 1749 2450 praepararent,
1778 2369 2005 2450 quibus
2050 2370 2183 2451 ipse
2210 2378 2277 2432 et
2316 2373 2523 2434 omnis

552 2474 806 2549 militia,
843 2493 1034 2555 quam
1061 2491 1270 2534 secum
1287 2472 1589 2534 ducturus
1606 2479 1763 2546 erat,
1780 2473 1849 2534 in
1867 2471 1969 2535 An
1974 2472 2172 2555 gliam
2197 2475 2523 2539 transvehi

553 2585 824 2660 possent.
909 2575 1078 2658 Quas
1122 2575 1190 2635 in
1229 2574 1416 2637 valde
1458 2574 1735 2637 breviori
1776 2576 1981 2657 spatio
2018 2596 2207 2658 quam
2254 2598 2519 2660 usquam

555 2683 793 2764 sperari
817 2688 1044 2763 posset,
1085 2686 1486 2761 praeparatas,
1513 2679 1743 2741 adduci
1767 2681 2065 2763 praecepit
2090 2682 2175 2745 ad
2218 2680 2523 2745 Sanctum

565 2785 978 2849 Wallericum
1004 2785 1074 2844 in
1099 2782 1450 2871 Summam,
1497 2802 1636 2864 quae
1667 2784 1855 2864 juxta
1874 2782 2035 2845 illud
2053 2792 2333 2847 castrum
2360 2785 2523 2849 fluit.

557 2888 896 2971 Dispositis
921 2890 1136 2969 itaque
1175 2886 1468 2950 omnibus
1503 2906 1641 2968 quae
1682 2886 1766 2949 ad
1814 2888 2174 2969 hujusmodi
2198 2892 2527 2971 negotium

557 2993 982 3075 pertinebant,
1007 2992 1232 3055 iisdem
1271 2990 1540 3053 navibus
1565 2991 1855 3065 ascensis,
1882 3011 2051 3053 anno
2076 2992 2160 3055 ab
2186 2993 2529 3055 incarnati-

559 3118 680 3160 one
735 3094 1000 3159 Domini
1053 3094 1390 3156 millesimo
1439 3094 1829 3175 sexagesimo
1866 3102 2061 3169 sexto,
2108 3103 2334 3177 quarto
2374 3096 2527 3159 Kal.

565 3199 872 3272 Octobris,
899 3218 1045 3259 cum
1071 3216 1312 3278 magna
1325 3195 1655 3258 alacritate
1676 3196 1879 3258 animi
1904 3195 2274 3260 Willelmus
2302 3196 2527 3261 Comes

559 3302 950 3365 transiensin
962 3300 1270 3382 Angliam
1287 3299 1552 3382 appulit,
1563 3297 1845 3362 Domino
1860 3300 2133 3374 favente,
2151 3301 2234 3361 ad
2248 3309 2525 3363 castrum

559 3407 728 3488 quod
769 3412 1032 3468 vocatur
1078 3402 1438 3466 Pevenesel.
1518 3402 1653 3465 Sed
1692 3423 1820 3464 non
1868 3402 1978 3462 diu
2030 3410 2329 3477 moratus,
2384 3425 2529 3467 cum

562 3512 740 3574 omni
765 3510 1045 3571 exercitu
1072 3528 1185 3571 suo
1209 3508 1390 3570 venit
1428 3508 1511 3568 ad
1551 3507 1749 3569 alium
1776 3513 2028 3589 portum
2067 3526 2195 3569 non
2235 3507 2422 3591 longe
2450 3510 2533 3573 ab

563 3615 688 3677 isto
713 3614 924 3685 situm,
951 3631 1138 3692 quem
1163 3618 1394 3673 vocant
1421 3608 1811 3691 Hastingas3
1852 3609 2064 3690 ibique
2088 3631 2340 3673 omnem
2369 3612 2537 3674 mili-

564 3718 725 3779 tiam
753 3735 930 3777 suam
959 3714 1347 3795 requiescere
1368 3714 1573 3794 jussit.
1661 3710 1931 3773 Interim
1960 3734 2111 3775 vero
2130 3714 2278 3774 dum
2311 3713 2537 3779 Comes

568 3819 939 3885 Willelmus
956 3818 1050 3880 ibi
1069 3838 1213 3878 cum
1241 3817 1520 3877 exercitu
1548 3836 1661 3877 suo
1689 3824 1871 3890 esset,
1900 3825 2259 3899 terramque
2287 3819 2541 3902 Angliae

567 3945 648 3985 ex
675 3922 790 3983 illa
814 3928 994 4004 parte
1023 3920 1370 3991 invaderet,
1405 3919 1667 3979 nuntius
1695 3919 1777 3981 ab
1798 3918 2029 4001 Anglis
2057 3922 2140 3983 ad
2180 3920 2537 3985 Heraldum

567 4028 814 4089 concite
841 4027 1070 4087 missus
1095 4030 1212 4097 est,
1253 4023 1362 4103 qui
1389 4042 1464 4084 eo
1489 4028 1775 4103 tempore
1815 4032 2037 4085 contra
2067 4025 2331 4087 fratrem
2360 4048 2541 4089 suum

569 4137 956 4212 porrexerat,
975 4128 1168 4209 quiin
1197 4126 1400 4188 altera
1426 4132 1607 4207 parte
1630 4124 1881 4207 Anglioe
1898 4147 2040 4189 cum
2068 4149 2306 4210 magna
2330 4132 2544 4192 multi-
