3192 5050
763 632 979 684 cusu
1026 634 1375 685 w1L1AELM1
1414 638 1617 687 nuens
1659 638 2203 692 NORMANNORUM.
2346 630 2465 696 105

509 778 681 839 urbis
725 778 1188 843 firmamentum
1215 802 1330 845 sua
1369 784 1434 844 in
1474 784 1782 866 reliquum
1825 789 2109 853 custodia
2144 794 2452 873 occupari.

511 879 882 945 Voluntarie
905 883 1238 948 Gualterus
1264 887 1567 950 deditioni
1582 890 1912 964 consensit,
1939 911 2038 966 ne,
2066 893 2286 956 invasa
2310 914 2454 977 pro-

507 992 740 1067 tegenS,
780 988 1177 1053 haereditaria
1201 993 1540 1054 amitteret.
1626 991 1849 1056 Clades
1876 1014 1917 1057 a
1943 993 2332 1060 Normannis
2372 1000 2448 1062 il-

506 1088 639 1152 lata
662 1093 974 1155 vicinitati
1003 1093 1293 1157 Medanti
1313 1103 1380 1157 et
1408 1094 1822 1160 Calvimontis
1839 1107 2079 1161 metum
2099 1103 2162 1161 ei
2182 1101 2454 1165 faciebat

508 1193 584 1254 de
603 1198 846 1276 maJori.
1824 1276 1829 1283 .

586 1296 810 1363 Voluit
836 1302 902 1361 in
929 1321 1112 1364 omne
1141 1302 1414 1364 seculum
1447 1312 1512 1366 et
1538 1306 1862 1386 progeniei
1889 1326 2013 1368 suae
2038 1308 2273 1388 optime
2308 1328 2453 1371 con-

505 1402 738 1463 sultum
775 1403 962 1467 fuisse
989 1407 1258 1488 prudens
1287 1407 1508 1481 victor,
1548 1410 1691 1489 pius
1718 1428 1959 1490 parens.
2043 1408 2287 1473 Idcirco
2312 1431 2454 1493 ger·-

503 1525 755 1568 manam
773 1508 1147 1584 Hereberto,
1167 1530 1243 1572 ex
1261 1511 1546 1591 partibus
1567 1510 1921 1574 Teutonum
1942 1532 2066 1575 suae
2084 1512 2450 1577 munificen-

503 1610 608 1671 tiae
660 1613 951 1674 maximis
1005 1614 1298 1695 impensis
1344 1614 1701 1691 adductam,
1754 1624 1906 1677 nato
1953 1636 2064 1678 suo
2112 1619 2450 1698 conjugare

502 1713 795 1790 decrevit,
823 1724 896 1777 ut
920 1737 1031 1797 per
1056 1736 1196 1779 eam
1222 1718 1352 1799 ipse
1379 1724 1446 1779 et
1471 1718 1784 1800 progeniti
1811 1738 1888 1779 ex
1915 1720 2067 1800 ipso,
2100 1722 2242 1800 jure
2283 1721 2449 1801 quod

503 1819 677 1881 nulla
691 1822 1112 1883 controversia
1126 1821 1392 1884 convelli
1407 1830 1614 1902 posset
1634 1822 1735 1884 vel
1755 1821 2082 1897 infirmari,
2105 1822 2449 1885 Hereberti

503 1922 932 1987 haereditatem
957 1927 1341 2007 possiderent
1366 1926 1636 1988 sororius
1661 1933 1729 1987 et
1754 1934 2028 2006 nepotes.
2110 1924 2199 1988 Et
2226 1928 2444 2007 quoni-

502 2048 606 2089 am
631 2030 810 2110 pueri
853 2037 1004 2091 aetas
1044 2030 1320 2092 nondum
1363 2028 1488 2090 fuit
1530 2037 1786 2090 matura
1829 2028 2137 2109 conjugio,
2180 2030 2247 2089 in
2294 2029 2448 2091 locis

499 2135 656 2195 tutis
680 2134 876 2207 illam,
902 2154 1092 2216 prope
1117 2132 1416 2205 nubilem,
1451 2152 1685 2211 magno
1720 2151 1861 2192 cum
1888 2131 2123 2194 honore
2150 2134 2447 2194 custodiri

498 2238 666 2310 fecit,
686 2236 990 2300 nobilium
1011 2244 1196 2318 atque
1223 2235 1597 2317 sapientium
1614 2234 1891 2295 virorum
1912 2254 1987 2296 ac
2012 2242 2443 2297 matronarum

500 2362 664 2403 curse
690 2342 1099 2403 commissam.
1180 2337 1338 2401 Haec
1358 2356 1660 2420 generosa
1677 2338 1875 2418 virgo,
1903 2338 2158 2401 nomine
2186 2338 2444 2421 Marga-

499 2448 642 2520 rita,
668 2446 903 2527 insigni
939 2445 1139 2528 specie
1165 2443 1482 2505 decentior
1508 2442 1631 2503 fuit
1657 2442 1831 2503 omni
1858 2443 2221 2524 margarita.
2316 2443 2442 2506 Sed

499 2553 717 2635 ipsam,
745 2571 871 2613 non
897 2551 1080 2632 longe
1108 2557 1254 2612 ante
1281 2549 1449 2609 diem
1478 2567 1599 2629 quo
1623 2547 1881 2609 mortali
1907 2567 2133 2630 sponso
2151 2551 2443 2631 jungere-

495 2666 622 2730 tur,
647 2655 1004 2718 hominibus
1022 2653 1282 2716 abstulit
1309 2650 1596 2733 Virginis
1617 2650 1801 2726 filius,
1827 2652 2145 2733 virginum
2167 2672 2441 2734 sponsus,

495 2761 738 2822 caelicus
753 2761 1095 2842 imperator
1114 2779 1130 2820 :
1157 2760 1330 2838 cujus
1354 2759 1500 2836 igne
1527 2754 1847 2817 salutifero
1861 2756 1969 2837 pia
1985 2755 2196 2837 puella
2212 2755 2442 2838 flagra-

497 2865 626 2938 bat,
655 2885 768 2947 pro
793 2867 968 2945 cujus
992 2863 1298 2925 desiderio
1323 2861 1729 2933 orationibuS,
1758 2860 2171 2934 abstinentiae,
2198 2862 2439 2923 miseri-

494 2972 737 3045 cordiae,
775 2969 1144 3043 humilitati,
1183 2968 1448 3048 denique
1491 2965 1776 3046 plurimae
1814 2965 2086 3026 bonitati
2128 2965 2439 3041 studebat,

495 3075 896 3136 vehementer
936 3080 1252 3154 exoptans,
1298 3077 1523 3152 praeter
1575 3068 1769 3151 ipsius
1821 3068 2219 3143 connubium,
2266 3069 2440 3131 aliud

494 3185 790 3259 perpetuo
817 3179 1125 3257 ignorare.
1212 3172 1512 3254 Sepelivit
1538 3192 1677 3232 eam
1708 3169 2123 3232 Fiscannense
2154 3169 2442 3234 Goenobi-

493 3303 621 3354 um,
649 3281 812 3362 quod
849 3301 992 3341 cum
1028 3279 1168 3340 aliis
1195 3277 1504 3348 EcclesiiS,
1533 3281 1837 3356 quantum
1864 3273 2095 3336 licebat
2128 3275 2441 3356 religioni,

493 3384 790 3445 nimirum
817 3381 1016 3444 doluit
1054 3388 1300 3461 raptam
1327 3385 1657 3460 properato
1696 3376 1891 3448 obitu,
1933 3379 2107 3457 cujus
2146 3377 2440 3458 longaevi-

492 3497 692 3552 tatem
739 3485 1238 3548 aflectuosissime
1278 3482 1649 3563 concupivit.
1732 3477 1912 3542 Illius
1952 3481 2184 3541 etenim
2226 3483 2441 3544 anima

493 3593 832 3675 prudenter
899 3588 1221 3670 evigilans,
1261 3608 1403 3649 cum
1450 3586 1706 3647 lucerna
1749 3583 2010 3644 ardente
2054 3581 2290 3646 Christi
2330 3587 2440 3648 ad-

491 3704 750 3760 ventum
776 3701 1125 3775 expectanS‚
1154 3691 1439 3753 ecclesias
1464 3689 1665 3752 colere
1685 3688 1872 3770 coepit
1897 3709 2037 3751 cum
2066 3693 2434 3755 reverentia.

493 3800 785 3862 Cilicium
812 3819 1072 3880 quoque,
1089 3817 1210 3878 quo
1235 3796 1533 3857 latentius
1558 3815 1809 3856 carnem
1828 3794 2081 3856 domare
2108 3816 2435 3878 proposue-

491 3912 612 3977 rat,
637 3912 853 3986 postea
879 3923 1067 3984 quam
1093 3900 1566 3982 transmigravit
1592 3899 1931 3982 proditum,
1957 3907 2233 3961 mentem
2259 3910 2438 3964 aeter-

491 4010 589 4069 nis
613 4009 923 4069 intentam
952 4005 1244 4087 prodidit.

571 4110 773 4192 Quam
800 4110 1173 4191 longinquus
1192 4114 1228 4168 a
1247 4108 1458 4170 favore
1474 4108 1648 4170 ducis
1668 4108 1981 4170 Willelmi
2001 4113 2212 4174 animo
2228 4113 2443 4189 fuerit,

492 4226 773 4278 versutus
798 4217 1004 4289 hom0‚
1051 4215 1398 4282 Gaufredus
1416 4213 1876 4289 Meduanensis,
1906 4217 2263 4292 certissime,
2290 4239 2433 4280 cum

492 4321 639 4382 urbs
663 4319 1080 4382 Cenomanica
1106 4321 1451 4392 dederetur,
1493 4319 1877 4401 patefactum
1923 4330 2033 4384 est.
2117 4321 2221 4384 Ne
2264 4326 2432 4386 enim

2168 4444 2197 4488 1
