3192 5050
665 593 742 656 62
797 633 802 638 -
1043 611 1254 658 semp.
1298 611 1539 659 RERUM
1579 611 1770 660 GEs'r.
1813 611 2183 660 w1-LLELM1.
2228 614 2272 660 1.

664 755 905 817 viscera
919 775 1064 816 mea
1088 775 1472 830 commoneo,
1494 765 1566 817 ut
1595 756 1905 819 honorum
1932 765 1999 820 et
2025 760 2381 839 sapientum
2402 755 2632 817 indesi-

663 868 889 920 nenter
927 860 1286 921 inhaereatis
1311 860 1623 934 sodalitiO,
1658 869 1723 922 et
1758 881 1975 924 eorum
2002 864 2069 922 in
2097 862 2405 934 omnibuS,
2446 863 2500 922 si
2522 861 2631 921 diu

661 962 1501 1045 gloriosimilitespersistere
1519 966 2342 1048 vultismbediatisimperio.
2371 964 2631 1027 Piorum

664 1068 1086 1148 sophistarum
1114 1068 1402 1130 doctrina
1429 1076 1544 1143 est,
1571 1070 1809 1131 bonum
1827 1090 1867 1132 a
1891 1071 2061 1132 malo
2089 1071 2440 1131 discernere
2464 1089 2478 1130 τ
2500 1072 2631 1148 jus—

663 1172 878 1233 titiam
904 1171 1283 1233 omnimodis
1309 1180 1560 1234 tenere:
1602 1173 2073 1255 nequitiamque
2100 1174 2275 1234 omni
2302 1172 2631 1234 molimine

660 1295 901 1338 cavere.
944 1274 1226 1338 Infirmis
1253 1284 1321 1338 et
1343 1278 1724 1358 pauperibus
1744 1298 1817 1340 ac
1837 1279 2025 1358 justis
2044 1298 2299 1359 parcere
2328 1285 2393 1338 et
2411 1277 2631 1338 subve-
2711 1331 2720 1342 .

664 1381 822 1455 nire,
851 1382 1147 1461 superbos
1167 1388 1232 1442 et
1259 1381 1504 1461 iniquos
1529 1383 1942 1462 comprimere
1970 1401 2043 1443 ac
2071 1381 2407 1454 debellare,
2456 1389 2522 1441 et
2550 1379 2632 1440 ab

668 1484 1074 1546 infestatione
1117 1483 1498 1565 simplicium
1550 1485 1888 1558 refrenare,
1944 1484 2294 1547 Ecclesiam
2347 1491 2631 1547 sanctam

664 1589 890 1651 devote
917 1588 1338 1669 frequentare,
1367 1588 1723 1650 divinitatis
1750 1588 1991 1650 cultum
2019 1609 2203 1670 super
2227 1608 2446 1650 omnes
2473 1587 2633 1649 divi-

665 1694 790 1755 tias
824 1711 1058 1765 amare,
1085 1699 1152 1752 et
1178 1691 1406 1754 divinae
1432 1690 1562 1772 legi
1588 1699 1770 1752 nocte
1798 1691 2023 1772 dieque
2050 1699 2118 1753 et
2157 1692 2224 1750 in
2266 1690 2541 1752 adversis
2567 1698 2633 1750 et

665 1796 976 1877 prosperis
1003 1794 1488 1876 infatigabiliter
1513 1795 1969 1876 obtemperare.

747 1897 1066 1962 Ducatum
1097 1897 1527 1972 Normanniae,
1556 1905 1897 1978 antequam
1944 1899 2012 1958 in
2052 1896 2360 1978 Epitunio
2408 1895 2634 1959 Senlac

665 2012 891 2066 contra
917 2001 1274 2064 Heraldum
1303 2010 1659 2075 certassem,
1689 2001 1969 2064 Roberto
2010 2001 2145 2064 filio
2169 2022 2313 2063 meo
2339 2001 2633 2074 concessi,

666 2108 769 2170 cui
813 2107 964 2188 quia
1007 2106 1466 2188 primogenitus
1509 2113 1606 2167 est
1646 2113 1714 2166 et
1752 2105 2105 2167 hominium
2146 2125 2306 2186 pene
2346 2106 2631 2166 omnium

666 2211 855 2292 hujus
907 2210 1130 2290 patriae
1173 2207 1522 2283 Baronum
1569 2211 1707 2288 jam
1761 2209 2018 2290 recepit,
2065 2229 2389 2272 concessus
2434 2209 2636 2269 honor

665 2317 887 2398 nequit
905 2314 1205 2377 abstrahi.
1294 2312 1420 2375 Sed
1447 2313 1887 2375 indubitanter
1906 2315 2053 2387 sci0,
2076 2314 2243 2394 quod
2262 2314 2495 2375 misera
2514 2313 2637 2374 erit

666 2422 844 2500 regio
873 2439 1008 2501 quae
1033 2419 1316 2499 subjecta
1341 2417 1536 2478 fuerit
1562 2421 1695 2498 ejus
1722 2417 2021 2479 dominio.
2110 2415 2429 2498 Superbus
2463 2417 2636 2478 enim

667 2534 783 2601 est,
811 2534 877 2587 et
905 2525 1206 2606 insipiens
1231 2522 1481 2596 nebule,
1522 2522 1809 2602 trucique
1837 2521 1947 2583 diu
1973 2521 2343 2603 plectendus
2369 2521 2637 2584 infortu-

667 2632 795 2691 nio,
880 2627 1224 2689 Neminem
1257 2625 1514 2705 Anglici
1555 2627 1738 2705 regni
1779 2627 2092 2688 constituo
2131 2626 2485 2687 haeredem:
2527 2627 2637 2688 sed

667 2742 904 2795 aeterno
931 2730 1262 2801 conditori,
1278 2731 1373 2808 cuj
1379 2748 1452 2789 us
1468 2748 1625 2802 sum,
1655 2736 1722 2789 et
1736 2729 1804 2789 in
1826 2731 1921 2809 cuj
1927 2749 1999 2789 us
2018 2748 2213 2790 manu
2231 2738 2382 2790 sunt
2400 2731 2637 2803 omnia,

668 2837 828 2898 illud
855 2833 1243 2896 commende.
1328 2830 1479 2893 Non
1508 2832 1679 2893 enim
1720 2839 1972 2893 tantum
2010 2832 2199 2892 decus
2236 2832 2639 2893 haereditario

663 2944 804 3021 jure
831 2937 1094 3019 possedi.
1181 2934 1306 2998 Sed
1347 2935 1486 2996 diro
1525 2933 1823 2995 conflictu
1864 2942 1929 2995 et
1970 2934 2173 2995 multa
2198 2933 2497 2997 effusione
2523 2935 2639 2996 hu-

669 3044 846 3104 mani
871 3042 1108 3103 cruoris
1134 3042 1386 3121 perjuro
1413 3040 1550 3120 regi
1584 3036 1873 3100 Heraldo
1914 3038 2167 3112 abstuli,
2195 3046 2261 3099 et
2288 3038 2640 3101 interfectis

667 3148 770 3211 vel
798 3146 1091 3227 effugatis
1109 3144 1460 3206 fautoribus
1489 3145 1622 3223 ejus
1643 3142 1997 3204 dominatui
2018 3164 2161 3205 meo
2180 3144 2420 3225 subegi.
2503 3142 2638 3205 Na-

669 3252 908 3315 turales
934 3251 1115 3329 regni
1141 3245 1306 3308 filios
1344 3246 1485 3329 plus
1524 3266 1703 3327 aequo
1743 3267 1958 3308 exosos
1983 3247 2197 3308 habui.
2280 3246 2547 3309 Nobiles
2574 3254 2644 3307 et

669 3356 961 3436 vulgares
978 3351 1316 3414 crudeliter
1326 3350 1571 3412 vexavi.
1637 3347 1737 3430 Inj
1743 3360 1879 3411 uste
1900 3348 2134 3410 multos
2154 3349 2599 3411 exhaereditavi
2625 3370 2638 3409 :

670 3462 1052 3530 innumerOS,
1094 3456 1370 3516 maxime
1397 3455 1463 3514 in
1510 3472 1677 3533 pago
1703 3450 2105 3525 Eboracensi,
2142 3451 2309 3514 fame
2338 3472 2446 3512 seu
2473 3451 2640 3514 ferro

672 3560 1070 3624 mortificavi.
1152 3556 1323 3619 Dein
1351 3557 1520 3617 enim
1563 3563 1631 3616 et
1676 3554 2249 3617 Transhumbranae
2274 3562 2497 3636 gentes
2535 3575 2639 3616 ex-

673 3668 940 3729 ercitum
975 3661 1169 3724 Sueni
1195 3659 1526 3721 Danorum
1554 3659 1721 3738 regis
1747 3666 1972 3720 contra
1995 3678 2099 3719 me
2127 3665 2546 3738 susceperunt,
2574 3665 2639 3717 et

675 3770 1028 3833 Robertum
1038 3766 1116 3826 de
1130 3763 1414 3827 Guminis
1423 3782 1566 3823 cum
1575 3761 1752 3822 mille
1760 3761 2069 3822 militibus
2079 3759 2639 3822 intraDunelmum

677 3875 953 3953 aliosque
963 3888 1248 3952 proceres
1263 3886 1436 3929 meos
1452 3873 1518 3927 et
1535 3864 1799 3926 Tirones
1814 3864 2286 3945 probatissimos
2302 3863 2367 3922 in
2381 3862 2643 3924 diversis

675 3981 830 4043 locis
849 3978 1267 4059 peremerunt.
1324 3967 1516 4030 Unde
1532 3967 1949 4029 immoderato
1968 3965 2178 4027 furore
2206 3973 2555 4026 commotus
2575 3967 2642 4026 in

674 4081 960 4148 boreales
980 4074 1224 4155 Anglos
1241 4081 1312 4133 ut
1332 4092 1596 4134 vesanus
1617 4071 1717 4132 leo
1738 4070 2090 4151 properavi.
2136 4067 2377 4130 Domos
2416 4088 2635 4129 eorum

673 4190 1211 4272 jussi,segetesque
1225 4188 1290 4241 et
1299 4196 1550 4239 omnem
1565 4181 1941 4255 apparatum
1950 4180 2139 4252 atque
2148 4170 2639 4252 suppellectilem
