3192 5050
722 582 802 644 52
1101 598 1313 646 semp,
1357 598 1596 646 RERUM
1638 598 1829 645 GEs'r.
1870 596 2242 646 WILLELMI.
2286 599 2331 644 1.

1527 1216 1884 1267 EPISTOLA

868 1473 1509 1556 WILLELMI
1576 1471 2532 1570 CONQUESTORIS,

1251 1768 1358 1819 AD
1391 1767 1827 1820 GREGORIUM
1869 1768 2144 1827 PAPAM.

1304 2267 1903 2314 XCELLEN'rIssmo
1942 2259 2174 2313 sanctae
2214 2251 2490 2313 ecclesiae
2542 2271 2681 2334 pas-

1209 2340 1221 2352 *
1303 2357 1429 2418 tori
1460 2355 1785 2437 Gregorio,
1813 2356 2025 2436 gratia
2040 2354 2166 2417 Dei
2188 2355 2551 2437 Anglorum
2572 2376 2682 2416 rex

1045 2448 1076 2539 ἦ
1303 2468 1370 2523 et
1396 2461 1525 2522 dux
1553 2458 2075 2522 Normannorurn
2096 2457 2486 2536 Willelmus,
2515 2459 2680 2522 salu-

1054 2581 1070 2625 .“
1185 2585 1209 2629 ἑ.
1299 2573 1432 2627 tem
1459 2584 1603 2626 cum
1625 2565 1927 2627 amicitia.
2045 2575 2054 2581 ·

1385 2667 1735 2741 HubertuS,
1770 2666 2018 2749 legatus
2042 2649 2216 2743 tuus,
2251 2670 2541 2752 religiose
2568 2692 2680 2753 pa-

1221 2781 1233 2785 “
1302 2778 1421 2844 ter,
1448 2771 1532 2832 ad
1557 2790 1660 2831 me
1687 2771 1964 2845 veniens,
1985 2792 2065 2832 ex
2089 2780 2204 2833 tua
2229 2781 2414 2854 parte
2439 2794 2543 2835 me
2571 2775 2681 2836 ad-

711 2875 979 2949 monuit,
1027 2882 1333 2955 quatenus
1359 2874 1481 2935 tibi
1528 2881 1594 2934 et
1635 2874 2086 2936 successoribus
2130 2876 2259 2936 tuis
2304 2873 2679 2938 fidelitatem

711 2978 1005 3052 facerem,
1031 2986 1099 3039 et
1125 2978 1203 3039 de
1223 2976 1508 3059 pecunia,
1535 2996 1727 3058 quam
1746 2984 2168 3038 antecessores
2192 2978 2319 3039 mei
2346 2979 2429 3041 ad
2446 2976 2680 3041 Romae

712 3103 863 3144 nam
884 3079 1209 3143 ecclesiam
1224 3081 1479 3142 mittere
1499 3079 1806 3153 solebant,
1826 3079 2052 3142 melius
2070 3082 2415 3163 cogitarem
2436 3103 2451 3143 ε
2479 3104 2677 3145 unum

710 3184 960 3258 admisi,
988 3183 1256 3246 alterum
1299 3204 1423 3245 non
1453 3183 1701 3245 admisi.
1785 3180 2195 3246 Fidelitatem
2236 3184 2444 3247 facere
2483 3185 2679 3259 nolui,

711 3308 828 3349 nec
851 3286 1014 3361 volo,
1042 3287 1193 3367 quia
1215 3306 1332 3348 nec
1352 3307 1471 3368 ego
1491 3286 1773 3368 promisi,
1794 3306 1910 3348 nec
1927 3295 2347 3350 antecessores
2367 3309 2540 3351 meos
2567 3309 2679 3351 an-

709 3390 1119 3453 tecessoribus
1162 3390 1292 3451 tuis
1345 3390 1413 3451 id
1465 3390 1683 3451 fecisse
1730 3391 2063 3473 comperio.
2147 3390 2428 3454 Pecunia
2473 3393 2678 3455 tribus

709 3493 840 3555 fere
858 3493 1059 3567 annis,
1086 3493 1155 3553 in
1175 3491 1401 3555 Galliis
1419 3513 1523 3553 me
1552 3502 1803 3581 agente,
1829 3493 2228 3575 negligenter
2254 3494 2519 3557 collecta
2544 3503 2675 3568 est3

710 3616 878 3658 nunc
902 3616 1054 3659 vero
1093 3596 1311 3658 divina
1349 3596 1783 3657 misericordia
1816 3616 1918 3657 me
1946 3596 2013 3656 in
2042 3617 2310 3678 regnum
2337 3617 2551 3659 meum
2578 3618 2676 3658 re·

709 3720 910 3774 verso,
929 3701 1096 3782 quod
1113 3700 1446 3762 collectum
1463 3707 1558 3761 est
1577 3719 1693 3781 per
1709 3698 2041 3780 praefatum
2057 3700 2339 3781 legatum
2361 3702 2644 3762 mittitur
2659 3722 2676 3775 ;

711 3812 777 3865 et
806 3804 972 3885 quod
991 3803 1302 3885 reliquum
1320 3811 1434 3877 est,
1450 3824 1564 3885 per
1578 3802 1825 3884 legatos
1836 3800 2183 3864 Lanfranci
2200 3802 2675 3886 Archiepiscopi

711 3905 918 3968 fidelis
962 3908 1182 3980 nostri,
1219 3927 1413 3988 quum
1457 3915 1881 3988 opportunum
1927 3905 2138 3981 fuerit,
2184 3908 2675 3971 transmittetur.

715 4008 910 4071 Orate
936 4029 1051 4090 pro
1076 4009 1256 4071 nobis
1283 4017 1350 4070 et
1374 4028 1490 4091 pro
1515 4017 1689 4070 statu
1710 4010 1892 4090 regni
1915 4008 2134 4083 nostri,
2162 4008 2313 4090 quia
2326 4017 2675 4072 antecesso-

709 4133 810 4174 res
833 4120 1074 4175 vestros
1088 4112 1437 4188 dileximus,
1466 4121 1532 4174 et
1559 4132 1671 4175 vos
1689 4132 1819 4195 prae
1837 4112 2128 4175 omnibus
2144 4112 2382 4175 sincere
2410 4113 2675 4195 diligere

709 4224 776 4277 et
801 4215 1167 4278 obedienter
1192 4216 1410 4277 audire
1437 4216 1881 4278 desideramus.

3155 4352 3173 4691 Δκρ-ῄ
