3192 5050
749 595 828 656 30
1151 601 1364 658 semp.
1394 611 1639 658 RERUM
1666 611 1855 660 ons'r.
1888 611 2239 659 WILLELMI
2268 610 2316 656 1.

913 753 1073 817 Cum
1101 763 1310 817 nautas
1333 775 1561 831 remos»,
1581 775 1761 818 arma
1778 765 2005 839 petunt
2030 754 2305 838 equites!

829 855 1006 919 Hine
1033 859 1380 921 resonando
1404 861 1574 920 tubes
1602 862 1809 922 varios
1834 861 1991 922 dant
2015 859 2191 920 mille
2217 859 2476 928 boatus3

911 958 1161 1023 Fistula
1185 983 1330 1023 eum
1355 962 1637 1037 calamis,
1664 971 1730 1024 et
1756 962 1985 1024 fidibus
2012 962 2309 1043 cythara3

831 1064 1146 1148 Timpana
1169 1067 1438 1128 taurinis
1464 1066 1735 1148 implent
1753 1067 2103 1149 mugitibus
2130 1083 2348 1136 auras3

915 1169 1260 1231 Alternant
1285 1171 1572 1232 modulos
1597 1171 1889 1252 cymbala
1914 1170 2088 1232 clara
2112 1187 2273 1229 suos.

833 1272 1032 1335 Terra
1057 1275 1297 1349 tremit,
1337 1275 1691 1357 ooelumque
1716 1283 1925 1357 pavet,
1953 1274 2227 1334 miratur
2254 1278 2319 1330 et
2344 1287 2591 1350 aequor3

915 1376 1362 1460 Quadrupedes
1387 1380 1664 1460 fugiunt,
1692 1380 1879 1460 piscis
1904 1379 2160 1458 avisque
2186 1373 2394 1435 simul.

830 1480 1074 1563 Quippe
1101 1482 1317 1543 decem
1346 1483 1568 1557 decies,
1596 1484 1806 1544 decies
1830 1491 1896 1544 et
1921 1481 2104 1543 milia
2130 1480 2403 1560 quinque

907 1583 1190 1646 Diversis
1217 1585 1454 1647 feriunt
1481 1588 1739 1648 vocibus
1765 1595 1939 1648 astra
1964 1584 2111 1666 poli.

831 1687 956 1749 Sed
982 1696 1054 1749 tu
1083 1689 1322 1771 templa
1341 1689 1506 1772 petis
1532 1691 1735 1751 saneti
1756 1708 1946 1770 supra
1972 1686 2327 1758 memorati,

907 1790 1403 1874 Muneribusque
1431 1794 1600 1855 datis
1624 1794 1823 1854 curris
1845 1792 2021 1852 adire
2048 1797 2252 1851 ratem
2275 1807 2291 1861 3

829 1893 1315 1978 Olangendoque
1342 1899 1518 1971 tuba,
1545 1896 1805 1978 reliquis
1830 1902 1904 1956 ut
1928 1894 2151 1956 littora
2175 1893 2470 1973 linquant

905 1997 1218 2082 Praeeipis‚
1247 2010 1312 2062 et
1339 2001 1550 2084 pelagi
1575 2001 1782 2062 tutius
1802 1998 1939 2060 alta
1958 2005 2199 2080 petant.

823 2093 1154 2164 Hactenus
1181 2103 1403 2166 adfixae
1429 2105 1758 2167 solvuntur
1783 2102 1999 2164 littore
2024 2119 2282 2180 puppe8‚

908 2205 1156 2288 AEquor
1181 2217 1248 2270 et
1274 2211 1553 2271 intratur
1577 2210 1833 2291 agmine
1860 2208 2224 2286 composito.

824 2306 866 2369 J
871 2329 974 2370 am
1002 2311 1291 2374 breviata
1317 2313 1466 2387 dies,
1488 2315 1626 2394 jam
1654 2311 1746 2373 sol
1772 2312 2045 2373 devexus
2070 2311 2308 2383 abibat,

910 2411 1068 2474 Cum
1097 2423 1210 2476 tua
1233 2418 1558 2496 praeripuit
1584 2419 1805 2495 previa
1828 2417 2011 2477 navis
2034 2417 2179 2475 iter.

825 2513 976 2578 Nox
1001 2517 1112 2578 ubi
1138 2539 1300 2580 eaeea
1323 2518 1540 2598 polum
1567 2519 1916 2581 tenebrosis
1954 2525 2219 2597 occupat
2244 2518 2505 2593 umbriS,

904 2617 993 2680 Et
1013 2628 1207 2701 negat
1232 2622 1599 2703 obsequium
1628 2621 1891 2683 cinthia,
1916 2630 2087 2683 tecta
2122 2622 2260 2696 tibi,

824 2721 1063 2801 lmples
1089 2744 1218 2785 non
1245 2724 1432 2785 aliter
1457 2724 1698 2785 facibus
1724 2725 2131 2787 rutilantibus
2158 2726 2359 2787 undas

909 2825 1150 2907 Sydera
1176 2848 1364 2909 quam
1391 2828 1635 2902 (mlum,
1662 2828 1791 2889 sole
1812 2838 2053 2902 ruente,
2081 2829 2346 2909 replent.

828 2928 994 3011 Quot
1020 2929 1272 2993 fuerant
1303 2951 1511 3005 naveS,
1539 2932 1807 2993 totidem
1834 2940 1907 2993 tu
1934 2932 2177 2995 lumina
2204 2934 2466 3016 spargis,

822 3034 1144 3113 Impositae
1161 3036 1348 3097 malis
1371 3035 1692 3114 permulta
1716 3036 1853 3099 luce
1881 3037 2146 3099 laternae

909 3137 1196 3199 Tramite
1225 3138 1468 3200 directo
1494 3158 1611 3217 per
1636 3160 1811 3201 mare
1847 3140 1991 3203 vela
2014 3151 2263 3223 regunt.

825 3238 952 3301 Sed
978 3241 1214 3302 veritus
1240 3261 1321 3302 ne
1350 3242 1629 3321 dampna
1654 3244 1783 3304 tuis
1810 3264 1935 3306 nox
1962 3245 2197 3307 inferat
2228 3255 2390 3321 atra,

913 3342 1163 3405 Ventus
1190 3352 1255 3406 et
1283 3346 1545 3407 adverso
1563 3346 1824 3408 flamine
1852 3350 2067 3409 turbet
2094 3370 2303 3431 aquae,

833 3445 1067 3508 Sistere
1092 3468 1286 3510 curva
1303 3450 1486 3529 jubes
1516 3449 1855 3529 compellat
1880 3461 1955 3513 ut
1980 3454 2259 3516 anchora
2282 3476 2537 3539 puppes.

909 3549 988 3610 In
1010 3552 1219 3612 medio
1243 3551 1456 3633 pelagi
1475 3552 1626 3614 litus
1646 3553 1860 3615 adesse
1888 3555 2076 3629 faeis3

828 3651 1069 3715 Ponere
1090 3654 1234 3717 vela
1257 3676 1477 3717 mones
1503 3667 1868 3736 exspectans
1893 3680 2079 3722 mane
2107 3660 2411 3739 futurum,

897 3758 994 3819 Ut
1023 3758 1256 3820 lassata
1280 3760 1474 3820 nimis
1491 3781 1647 3840 gens
1666 3762 1901 3825 habeat
1920 3768 2221 3846 requiem.

814 3863 910 3925 At
936 3871 1266 3944 postquam
1295 3864 1483 3924 terris
1509 3864 1779 3926 rutilans
1804 3885 2033 3929 aurora
2058 3868 2323 3945 refulsit,

885 3966 975 4029 Et
1003 3966 1278 4028 Phoebus
1303 3967 1511 4029 radios
1538 3971 1767 4050 sparsit
1792 3972 1859 4031 in
1886 3973 2039 4033 orbe
2066 3993 2225 4047 sune,

811 4070 1105 4153 Praeeipis
1130 4072 1222 4131 ire
1249 4071 1440 4143 viam,
1467 4074 1865 4135 committere
1892 4076 2153 4137 carbasa
2176 4081 2383 4141 ventis

899 4172 1210 4255 Praeoipis,
1237 4184 1310 4237 ut
1339 4175 1543 4237 solvat
1569 4178 1847 4240 anchora
1872 4178 2001 4241 fixa
2024 4190 2211 4245 rates,

823 4278 1044 4341 Tertia
1069 4276 1282 4339 telluri
1309 4281 1733 4359 supereminet
1757 4281 1917 4343 hora
1942 4282 2088 4357 diei,
