3192 5050
795 652 1014 701 GEs'rA
1053 650 1401 701 WILLELM1
1440 650 1646 698 nucls
1686 650 2233 699 NORMANNORUM.
2390 634 2507 698 149

557 818 691 860 mos
727 799 919 860 habet
957 798 1202 871 divites,
1230 795 1472 871 infidoS,
1515 804 1580 857 e't
1624 796 1905 858 audaceS.
1987 784 2203 858 Danos
2237 798 2303 857 in
2332 798 2507 858 auxi-

557 902 712 963 lium
738 903 922 963 citius
949 902 1222 982 recipere
1251 909 1477 983 potest.
1538 901 1601 963 A
1628 901 1809 975 mari,
1839 901 2004 981 quod
2041 900 2285 982 Anglos
2310 922 2351 962 a
2375 900 2507 963 Da-

555 1008 652 1067 nis
679 1014 944 1087 separat,
971 1004 1172 1065 millia
1198 1025 1489 1085 passuum
1510 1004 1981 1085 quatuordecim
2003 1005 2213 1067 distat.
2295 1004 2508 1086 Hujus

557 1128 797 1193 quoque
824 1110 996 1172 urbis
1023 1111 1194 1171 intra
1218 1111 1452 1171 moenia.
1475 1109 1893 1171 munitionem
1929 1110 2293 1171 construxit.
2378 1108 2510 1171 Ibi-

558 1216 701 1276 dem
730 1214 1131 1277 Willelmum
1190 1213 1447 1295 reliquit
1477 1212 1745 1275 Osberni
1771 1212 1993 1285 filium,
2034 1214 2413 1293 praecipuum
2443 1214 2509 1273 in

557 1320 832 1379 exercitu
859 1338 988 1391 suo,
1015 1327 1086 1378 ut
1116 1318 1182 1377 in
1202 1318 1337 1379 vice
1359 1337 1472 1378 sua
1491 1316 1747 1377 interim
1764 1317 1886 1377 toti
1906 1336 2100 1397 regno
2129 1316 2507 1396 Aquilonem

555 1412 768 1485 versus
792 1429 1099 1503 praeesset.
1183 1419 1376 1481 Hunc
1403 1441 1480 1481 ex
1507 1420 1797 1482 omnibus
1829 1416 2215 1481 Normannis
2241 1428 2508 1501 paterno

557 1546 730 1587 more
773 1526 894 1587 sibi
937 1524 1306 1586 fidissimum
1341 1524 1512 1585 domi
1553 1523 1825 1605 bellique
1861 1532 2278 1606 perspexerat,
2322 1524 2509 1585 simul

507 1634 514 1639 “
558 1629 927 1689 fortitudine
983 1628 1325 1710 egregium,
1379 1636 1445 1689 et
1498 1628 1757 1689 consilio
1810 1629 1938 1689 sive
1993 1629 2085 1689 rei
2138 1628 2510 1703 domesticae,

557 1733 687 1793 sive
713 1731 1044 1792 militaris:
1084 1751 1324 1793 necnon
1353 1731 1607 1793 domino
1644 1731 1878 1793 coelesti
1918 1731 2120 1793 multo
2160 1730 2387 1793 affectu
2405 1732 2510 1793 de-

463 1884 468 1887 -
557 1844 792 1898 votum.
875 1833 1068 1896 Hunc
1098 1833 1164 1895 N
1166 1836 1486 1897 ormannis
1504 1835 1960 1908 charissimum,
1982 1834 2212 1915 Anglis
2230 1836 2511 1896 maximo

555 1940 782 2002 terrori
820 1960 950 2001 esse
990 1940 1244 2001 sciebat.
1325 1938 1518 2001 Hunc
1565 1960 1695 2021 prae
1735 1940 1975 2001 caeteris
2013 1938 2429 2000 familiaribus
2460 1925 2511 1998 ‘a

556 2045 829 2125 pueritia
893 2045 1215 2124 utriusque
1283 2043 1609 2116 dilexerat,
1678 2052 1744 2103 et
1803 2042 2194 2104 exaltaverat
2233 2044 2300 2103 in
2344 2042 2410 2104 N
2412 2064 2510 2105 or-

556 2149 833 2209 mannia.

639 2249 930 2313 Castrum
950 2270 1099 2312 vero
1120 2249 1437 2312 Doveram
1463 2249 1668 2311 Odoni
1684 2250 1867 2312 fratri
1888 2271 1997 2311 suo
2018 2251 2348 2323 commisit,
2366 2270 2507 2310 cum

557 2353 879 2434 adjacente
934 2373 1046 2415 ora
1097 2353 1378 2428 australi,
1425 2374 1560 2435 quae
1615 2354 1869 2415 nomine
1916 2361 2163 2416 vetusto
2212 2351 2509 2415 Cantium

557 2458 745 2532 dicta,
777 2455 1049 2519 Galliam
1097 2458 1350 2540 propius
1395 2464 1656 2539 spectat,
1706 2457 1871 2518 unde
1918 2465 1984 2518 et
2027 2477 2067 2518 a
2111 2458 2321 2518 minus
2363 2457 2511 2518 feris

559 2562 916 2624 hominibus
960 2562 1274 2624 incolitur.
1358 2559 1825 2625 Consueverant
1864 2563 2036 2624 enim
2083 2583 2320 2624 merces
2364 2584 2509 2624 cum

560 2666 774 2748 Belgis
826 2675 1091 2728 mutare.
1174 2665 1554 2728 Perhibetur
1606 2666 1819 2741 etiam,
1874 2675 2216 2728 attestante
2272 2668 2509 2749 pagina

557 2771 907 2845 vetustatiS,
970 2771 1359 2832 maritimam
1413 2771 1576 2832 hanc
1629 2772 1950 2852 regionem
2006 2791 2047 2833 a
2102 2770 2302 2834 Gallis
2356 2771 2507 2834 olim

557 2877 743 2939 fuisse
782 2897 1142 2959 possessam,
1183 2877 1407 2958 quibus
1446 2897 1520 2939 eo
1561 2877 1933 2938 transvectis
1972 2878 2197 2958 praedae
2237 2898 2311 2939 ac
2357 2878 2510 2940 belli

557 2981 865 3042 inferendi
891 3001 1079 3042 causa
1103 2982 1241 3062 agri
1269 2979 1506 3041 fertiles
1531 2979 1837 3061 placuere.
1925 2979 2061 3043 Odo
2088 2981 2215 3055 ille,
2245 2980 2506 3063 Bajoca-
2580 2990 2586 2997 ’

557 3105 697 3146 rum
739 3084 993 3160 Praesul,
1033 3085 1320 3165 cognitus
1360 3084 1568 3146 fuerat
1608 3084 1772 3159 taliS,
1829 3086 1937 3166 qui
1977 3087 2215 3167 optime
2254 3087 2513 3165 negotia

557 3190 861 3250 sustinere
900 3183 1142 3252 valeret
1167 3188 1609 3251 Ecclesiastica
1633 3197 1699 3249 et
1742 3189 2060 3250 secularia.
2143 3187 2507 3250 Bonitatem

558 3295 690 3373 ejus
729 3300 795 3353 et
829 3293 1227 3373 prudentiam
1269 3293 1473 3373 primo
1498 3298 1774 3351 testatur
1813 3290 2094 3353 Ecclesia
2135 3290 2510 3367 BaiocensiS,

559 3416 747 3476 quam
775 3396 909 3476 ipse
935 3394 1138 3456 multo
1164 3396 1373 3456 studio
1400 3395 1652 3475 egregie
1680 3394 1999 3457 ordinavit
2026 3403 2214 3477 atque
2241 3398 2508 3472 ornavit,

552 3501 800 3582 juvenis
827 3499 1030 3560 adhuc
1057 3505 1263 3571 aetate,
1311 3498 1509 3558 animi
1534 3498 1767 3558 canitie
1794 3499 2043 3560 senibus
2069 3499 2507 3580 praeferendus

559 3604 728 3667 Dein
755 3604 927 3666 omni
978 3601 1388 3664 Normanniae
1415 3601 1588 3663 utilis
1634 3595 1755 3663 fuit
1781 3622 1854 3663 ac
1897 3602 2123 3665 decori.
2205 3602 2283 3665 In
2317 3602 2511 3685 Syno-

557 3710 672 3783 dis,
712 3708 822 3770 ubi
862 3708 939 3769 de
970 3705 1206 3769 Christi
1245 3705 1507 3780 cultura,
1548 3707 1615 3766 in
1656 3707 2227 3788 disceptationibuS,
2274 3709 2383 3770 ubi
2431 3709 2507 3770 de

557 3812 750 3875 seculi
775 3812 959 3874 rebus
985 3811 1307 3892 agebatur,
1347 3810 1772 3892 intelligentia
1812 3811 2046 3892 pariter
2084 3819 2269 3893 atque
2297 3810 2509 3874 facun-

559 3920 668 3981 dia
691 3918 940 3980 enituit.
1038 3913 1452 3977 Liberalitate
1480 3935 1697 3996 parem
1725 3935 1850 3976 non
1877 3915 2102 3977 habuit
2131 3914 2373 3990 Gallia3
2414 3919 2511 3980 ita

558 4024 770 4105 opinio
812 4021 1067 4104 publica
1105 4020 1433 4081 consensit.
1518 4018 1586 4080 N
1587 4041 1656 4080 ec
1699 4020 1905 4080 minus
1944 4021 2257 4100 aequitatis
2297 4041 2509 4082 amore

559 4128 793 4239 nferuit
847 4125 1116 4188 laudem.
1200 4123 1402 4185 Arma
1452 4143 1653 4204 neque
1707 4123 1906 4184 movit
1960 4143 2254 4204 unquam,
2308 4145 2508 4206 neque

559 4231 759 4293 voluit
787 4230 1052 4293 moveri:
1101 4226 1283 4290 valde
1312 4234 1524 4288 tamen
1553 4226 1871 4287 timendus
1899 4228 2175 4288 armatis
2260 4226 2508 4289 Bellum

561 4357 827 4416 namque
882 4335 1213 4396 utilissimo
1259 4331 1534 4404 consilio,
1589 4353 1729 4391 cum
1771 4333 2103 4393 necessitas
2146 4333 2507 4413 postularet,
