3192 5050
673 584 800 647 124
1073 600 1291 649 semp.
1332 601 1574 649 RERUM
1614 603 1803 650 GEs‘r.
1846 602 2196 652 WILLELMI
2238 606 2283 651 1.

680 768 858 829 reges
897 755 1309 829 praepotentes
1353 748 1814 810 conducantur:
1868 750 2126 812 classem
2166 750 2397 812 habere
2439 749 2633 831 pluri-

681 874 874 925 mam,
919 852 1204 914 homines
1257 854 1322 913 in
1367 854 1733 915 ministeriis
1767 856 2035 917 nauticis
2062 856 2487 937 peritissimOS,
2524 855 2633 935 qui

680 959 902 1038 saepius
941 957 1220 1039 pericula
1261 966 1326 1019 et
1367 958 1583 1039 praelia
1623 960 1948 1021 maritima
1987 960 2115 1021 sint
2142 960 2416 1041 experti:
2462 966 2636 1020 terra

682 1061 870 1135 illius,
915 1063 1012 1123 uti
1054 1062 1311 1136 divitiis,
1353 1064 1449 1125 ita
1481 1062 1705 1125 militis
1746 1064 1944 1145 copia,
1990 1064 2153 1125 hanc
2198 1064 2636 1144 multipliciter

684 1168 983 1250 superari.
1065 1166 1218 1248 Quis
1259 1168 1428 1229 enim
1465 1171 1651 1249 juxta
1691 1169 2112 1250 praestitutum
2164 1188 2355 1231 naves
2400 1167 2635 1249 perfici,

685 1279 799 1333 aut
830 1254 1128 1352 ‘perfectis
1162 1272 1432 1352 remiges
1461 1272 1753 1346 inveniri,
1791 1292 2000 1334 annuo
2035 1272 2239 1353 spatio
2282 1292 2457 1353 posse
2501 1292 2635 1352 spe-

683 1374 894 1437 raret?
965 1373 1117 1455 Quis
1142 1396 1306 1437 nova
1323 1375 1444 1437 hac
1469 1376 1863 1457 expeditione
1883 1375 2373 1457 pulcherrimum
2398 1384 2634 1437 statum

683 1480 906 1560 patriae
931 1480 999 1540 in
1035 1499 1286 1541 omnem
1329 1481 1532 1561 redigi
1566 1481 1885 1542 miseriam
1927 1502 2051 1542 non
2102 1481 2401 1543 timeret?
2485 1479 2637 1561 Quis

687 1582 963 1645 Romani
990 1582 1399 1665 Imperatoris
1421 1605 1570 1666 opes
1594 1606 1673 1647 ea
1696 1587 1864 1647 vinci
1892 1585 2259 1647 difficultate
2300 1607 2427 1648 non
2471 1585 2635 1647 affir-

686 1694 892 1749 maret
910 1687 935 1749 ’ἔ

769 1788 991 1855 Erexit
1017 1800 1230 1853 autem
1261 1791 1612 1854 diffidentes
1647 1794 1773 1853 dux
1797 1793 1914 1855 hac
1942 1793 2309 1855 elocutione.
2391 1800 2427 1827 “
2448 1793 2638 1855 Inno-

686 1895 813 1956 tuit
831 1896 1029 1971 nobiS,
1049 1898 1161 1971 ait,
1182 1896 1453 1959 Heraldi
1477 1899 1820 1979 sapientia:
1861 1907 2165 1960 terrorem
2186 1899 2366 1959 nobis
2384 1899 2636 1980 ingerit,

679 1999 796 2059 sed
820 2020 992 2081 spem
1021 2009 1228 2083 auget.
1299 1999 1430 2063 Sua
1456 2002 1707 2082 quidem
1731 2002 2041 2063 inutiliter
2066 2001 2393 2083 expendet,
2413 2022 2635 2062 aurum

687 2104 1010 2186 dissipans,
1062 2127 1190 2168 non
1241 2106 1633 2169 consolidans
1685 2108 2004 2170 honorem.
2108 2106 2256 2168 Non
2310 2127 2385 2168 eo
2437 2107 2636 2167 animi

684 2209 860 2290 viget
883 2212 1124 2286 robore,
1170 2232 1293 2294 quo
1333 2212 1436 2274 vel
1475 2212 1811 2273 minimum
1855 2212 2004 2293 quid
2037 2232 2319 2273 meorum
2356 2210 2636 2293 polliceri

687 2316 935 2377 audeat.
1015 2317 1109 2378 At
1135 2318 1400 2381 arbitrio
1423 2337 1565 2379 meo
1591 2318 1831 2399 pariter
1856 2336 1991 2397 quae
2017 2336 2162 2377 mea
2186 2324 2351 2389 sunt,
2380 2336 2635 2397 quaeque

681 2418 982 2482 dicuntur
1005 2421 1192 2495 illius,
1231 2424 1683 2504 promittentur
1721 2430 1910 2503 atque
1949 2421 2283 2482 dabuntur.
2364 2420 2635 2482 Hostem

686 2522 857 2586 haud
885 2524 1074 2588 dubie
1091 2528 1427 2608 superabit,
1455 2529 1562 2609 qui
1588 2547 1717 2590 non
1743 2527 1954 2587 minus
1979 2545 2114 2606 quoe
2139 2523 2337 2586 hostis
2364 2525 2637 2606 possidet

687 2650 876 2712 quam
895 2632 1149 2711 propria
1163 2631 1384 2713 largiri
1403 2631 1593 2694 valet.
1678 2630 1974 2712 Navigio,
1992 2649 2114 2710 quo
2133 2628 2476 2691 sufficiente
2497 2631 2636 2691 citi-

687 2753 760 2794 us
777 2734 1208 2814 gaudebimuS,
1233 2755 1360 2796 non
1385 2735 1855 2817 praepediemur.
1940 2731 2086 2794 Sint
2100 2732 2198 2793 illi
2212 2734 2471 2815 experti,
2500 2753 2636 2814 quae

687 2856 800 2897 nos
826 2857 969 2898 cum
996 2836 1297 2900 felicitate
1332 2842 1568 2919 majore
1613 2838 2026 2919 experiamur.
2107 2834 2369 2898 Virtute
2412 2836 2637 2898 melius

687 2959 876 3020 quam
921 2960 1182 3002 numero
1223 2941 1504 3002 militum
1552 2940 1720 3003 bella
1763 2951 2087 3021 geruntur.
2171 2938 2503 3014 Praeterea,
2555 2961 2635 3002 ne

685 3043 974 3123 rapinam
993 3045 1270 3119 amittat,
1289 3043 1395 3106 ille
1416 3045 1725 3127 pugnabit
1742 3065 1758 3118 ;
1796 3063 1911 3106 nos
1930 3063 2067 3124 quae
2086 3044 2250 3105 dono
2269 3045 2638 3124 accepimus,

687 3145 1003 3209 beneficiis
1027 3149 1544 3230 comparavimus,
1564 3148 1954 3230 requirimus
2024 3145 2176 3228 Quae
2194 3148 2393 3229 partis
2411 3155 2637 3208 nostrae

687 3252 894 3332 prima.
944 3250 1174 3314 fiducia
1224 3253 1567 3334 periculum
1621 3273 1805 3316 omne
1859 3250 2194 3334 depellenS,
2246 3250 2634 3313 laetissimum

685 3356 1078 3438 triumphum
1116 3359 1315 3432 nobis,
1361 3379 1676 3420 summum
1703 3359 1907 3431 decus,
1947 3355 2487 3439 praeclarissimum
2527 3377 2637 3418 no-

687 3480 833 3522 men
861 3457 1098 3524 dabit.'’
1177 3460 1435 3524 Etenim
1480 3463 1810 3525 constabat
1840 3461 1979 3524 viro
2016 3459 2325 3522 catholico
2364 3480 2441 3521 ac
2474 3461 2637 3542 sapi-

688 3566 840 3639 enti,
892 3566 1058 3648 quod
1109 3568 1568 3649 omnipotentia
1634 3565 1778 3640 Dei,
1830 3564 1993 3626 nihil
2057 3564 2272 3627 volens
2330 3563 2635 3645 iniquum,

682 3670 921 3748 justam
948 3649 1197 3732 causam
1223 3671 1444 3732 cadere
1470 3690 1597 3732 non
1625 3671 1891 3743 sineret;
1945 3669 2289 3750 praesertim
2327 3667 2637 3729 consider-

687 3773 826 3834 anti
871 3793 1020 3848 sese,
1068 3775 1175 3854 qui
1219 3795 1346 3836 non
1383 3782 1637 3836 tantum
1683 3774 1987 3835 ditionem
2034 3792 2210 3833 suam
2258 3778 2324 3832 et
2368 3768 2636 3851 gloriam

691 3895 938 3958 augere,
965 3885 1268 3958 quantum
1289 3878 1448 3939 ritus
1475 3876 1867 3940 Christianos
1890 3876 2176 3957 partibus
2202 3875 2270 3934 in
2296 3873 2422 3935 illis
2447 3874 2638 3935 corri-

691 4001 840 4062 gere
859 3983 1151 4046 intendit.
1219 3982 1263 4047 J
1265 4005 1369 4046 am
1389 3991 1529 4046 tota
1545 3982 1757 4044 classis
1776 3980 2315 4064 providentissime
2336 3987 2640 4041 exornata

691 4087 775 4149 ab
813 4088 976 4150 ostio
1022 4087 1204 4151 Divae
1243 4090 1586 4171 vicinisque
1628 4087 1949 4169 portubus,
1996 4085 2105 4146 ubi
2157 4083 2468 4157 Nothum,
2515 4103 2639 4164 quo

689 4192 1211 4268 transmitterent,
1263 4194 1498 4255 diutius
1545 4199 1971 4273 expectavere,
2027 4189 2301 4271 Zephyri
2355 4187 2515 4249 flatu
2570 4188 2636 4248 in

685 4297 1022 4360 stationem
1049 4299 1248 4360 sancti
1264 4297 1572 4361 Walerici
1597 4294 1812 4357 delata
1841 4302 1953 4356 est.
2016 4292 2118 4354 Ibi
2159 4311 2405 4373 quoque
2442 4292 2640 4372 preci-
