3192 5050
7 535 76 590 *7

1415 1227 1655 1280 GES'PA
1714 1229 2100 1280 WILLELMI

1043 1397 1393 1481 DUCIS
1476 1399 1559 1484 N
1564 1402 2077 1493 ORMANN
2082 1410 2426 1497 ORUM
2435 1484 2452 1512 ,

1326 1621 1420 1672 ΕΤ
1487 1621 1702 1673 REGIS
1771 1593 2206 1673 ANGLORUM.

841 1923 907 1983 A
961 1919 1292 1997 Willelmo,
1336 1922 1734 2005 Ησαιυίθηεὶ,
1779 1931 2204 2000 Lexoviorum
2245 1940 2733 2018 ArchidiaoOnO,

760 2032 1305 2106 contemperatum,
1346 2030 1607 2111 scripta.

768 2129 1304 2142 Ἤ
1356 2179 1390 2212 a
1436 2179 1471 2212 ξ
1536 2179 1571 2213 ³ae
1633 2180 1668 2214 ‚k
1713 2154 1857 2194 cum
1905 2134 2043 2195 vita
2089 2153 2354 2214 regnum
2396 2131 2742 2214 Anglicum

1354 2237 1589 2310 amisit,
1633 2238 1800 2318 quod
1826 2247 2107 2320 paternae
2148 2257 2222 2298 ac
2251 2256 2376 2298 suae
2403 2237 2744 2311 violentiae,

1352 2361 1479 2402 non
1502 2341 1646 2404 aliis
1666 2342 1905 2404 debuit.
1976 2341 2290 2406 Coronam
2310 2342 2578 2404 eandem
2599 2363 2744 2404 cum

1348 2445 1586 2508 throno
1643 2444 1968 2508 Heraldus
2033 2445 2315 2509 obtinuit
2369 2444 2539 2508 filius
2592 2449 2745 2529 ejuS,

1354 2550 1593 2631 partim
1622 2550 1706 2612 ab
1737 2570 1815 2613 eo
1839 2551 2240 2631 tyrannidis
2224 2573 2291 2612 m
2319 2572 2532 2614 amore
2559 2552 2746 2633 dege-

1354 2674 1488 2715 ner.
1573 2653 1810 2717 Exules
1839 2656 2045 2717 adhuc
2085 2656 2432 2719 manebant
2474 2656 2542 2717 in
2569 2657 2748 2717 curia

767 2722 1101 2858 propinqui
1128 2771 1247 2845 sui,
1298 2735 1621 2832 Will'elmi
1666 2772 1986 2855 principis,
2023 2770 2372 2836 Edwardus
2423 2791 2498 2834 ac
2552 2771 2746 2835 Alve-

770 2879 977 2951 raduS,
1019 2876 1128 2957 qui
1152 2874 1327 2948 olim,
1354 2876 1554 2956 pueri,
1596 2896 1677 2936 ne
1697 2874 2163 2957 jugularentur,
2206 2875 2289 2937 ad
2317 2874 2694 2938 avunculos
2675 2896 2746 2936 m

772 2981 1239 3047 Normanniam
1280 2977 1652 3061 effugerant.
1736 2978 2030 3043 Genitrix
2067 3002 2286 3043 eorum
2335 2979 2462 3043 fuit
2514 2978 2752 3043 Emma

771 3088 909 3150 filia
925 3082 1184 3149 Ricardi
1228 3083 1440 3165 primi,
1482 3083 1738 3165 genitor
1783 3082 2168 3149 Ethelredus
2208 3106 2321 3148 rex
2367 3085 2746 3167 Anglorum.

773 3190 1018 3254 Verum
1046 3188 1124 3247 de
1151 3186 1529 3269 genealogia
1553 3188 1781 3252 horum
1807 3212 2277 3273 germanorum,
2318 3201 2385 3254 et
2426 3192 2594 3274 quod
2619 3192 2746 3253 hee-

773 3298 1113 3360 reditatem
1142 3312 1362 3354 eorum
1391 3291 1569 3356 Dani
1597 3294 1920 3360 invasione
1950 3298 2415 3381 occupaverint,
2453 3282 2610 3360 eatis
2634 3298 2748 3359 alii

772 3404 1090 3485 scripsere.
1186 3396 1283 3461 Ut
1315 3418 1467 3480 ergo
1500 3399 1820 3463 decessum
1845 3401 2129 3465 Chunuti
2168 3403 2523 3477 audierant,
2538 3405 2746 3486 primo

773 3508 1123 3573 Edwardus
1164 3506 1331 3569 mari
1374 3505 1635 3567 decurso
1675 3525 1868 3569 naves
1929 3508 2351 3589 quadraginta
2389 3508 2596 3571 milite
2649 3511 2745 3571 in-

771 3618 1217 3681 structissimas
1244 3612 1634 3694 Hamptonae
1662 3612 1928 3695 appulit,
1965 3614 2078 3674 ubi
2096 3613 2581 3677 ‚multitudinem
2609 3614 2744 3676 An-

770 3723 1020 3806 glorum
1048 3719 1313 3785 offendit
1338 3719 1686 3779 maximam
1714 3739 1778 3781 se
1800 3719 1883 3780 ad
1909 3720 2402 3783 internecionem
2424 3723 2522 3783 sui
2541 3721 2746 3803 operi-

771 3835 1004 3889 entem.
1088 3822 1154 3884 N
1158 3844 1263 3885 am
1302 3819 1660 3882 Heraldum
1710 3822 1911 3905 Angli
1953 3826 2236 3887 deserere
2277 3825 2600 3899 nolebant,
2641 3825 2744 3888 vel

771 3932 968 4015 (quod
1009 3938 1107 3992 est
1147 3924 1535 4005 credibilius)
1582 3946 1710 3988 non
1757 3928 2097 4002 audebant,
2152 3936 2509 3991 metuentes
2550 3927 2743 3991 affore

773 4035 993 4098 Dauos
1018 4033 1102 4095 ad
1140 4032 1597 4113 protectionem
1625 4031 1758 4093 sive
1799 4031 2064 4093 citatam
2106 4030 2415 4094 ultionem
2443 4034 2597 4113 63115,
2638 4052 2744 4092 ex-

769 4142 1005 4202 tinctos
1030 4135 1219 4197 fuisse
1244 4132 1634 4195 truculentia
1660 4132 1910 4195 Danica
1936 4154 2062 4195 suae
2087 4137 2298 4216 gentis
2324 4134 2745 4198 nobilissimos

770 4246 1033 4307 minime
1050 4239 1236 4304 obliti
1257 4246 1423 4301 sunt.
1508 4236 1894 4319 congressus
1923 4237 2093 4302 illico
2113 4260 2348 4321 magna
2368 4240 2535 4302 caede
2563 4259 2744 4319 supe-

910 2296 1142 2348 DEES'P

864 2494 1170 2548 1N1T1UM.
