3192 5050
757 656 976 706 essm
1014 656 1362 707 w1LLELM1
1401 656 1605 707 nums
1646 654 2190 707 NoRMANNouuu.
2349 645 2464 711 107

523 797 838 863 Gitissime
890 799 1341 876 diffunduntur,
1394 822 1568 865 more
1620 823 1750 878 suo,
1802 804 2021 867 saevius
2072 804 2247 866 omni
2297 804 2464 869 ferro

514 922 773 985 quaeque
798 904 986 967 obvia
1010 913 1343 968 vastantes.
1413 906 1715 972 Custodes
1740 916 1926 990 atque
1954 916 2463 991 propugnatores,

516 1009 773 1068 attoniti
798 1009 1008 1071 subita
1031 1010 1225 1083 clade,
1263 1020 1474 1092 portas
1499 1033 1869 1095 murumque
1894 1014 2204 1089 deserunt,
2231 1015 2462 1077 discur-

514 1119 666 1172 runt
706 1112 938 1194 trepidi
974 1112 1209 1177 laribus
1247 1123 1313 1176 et
1356 1116 1540 1177 rebus
1569 1117 1835 1178 incensis
1857 1117 2063 1198 primo
2088 1136 2461 1181 succurrere.

515 1211 682 1275 Dein
708 1216 974 1297 proprias
997 1215 1206 1291 saluti,
1254 1238 1377 1298 quo
1402 1218 1646 1300 refugio
1671 1218 1905 1294 valent,
1946 1218 2264 1283 consulere
2289 1219 2461 1281 festi-

511 1326 688 1391 nant,
754 1318 1020 1381 victores
1069 1319 1312 1401 gladios
1361 1322 1795 1386 vehementius
1846 1343 2035 1405 quam
2100 1323 2459 1387 incendium

509 1429 878 1485 metuentes.
937 1420 1294 1486 Normanni
1313 1425 1677 1489 alacerrime
1694 1438 2089 1505 concurrunt,
2107 1429 2461 1496 exultantes

507 1527 753 1590 animos
791 1538 862 1589 et
901 1528 1330 1609 gratulantem
1355 1530 1695 1595 clamorem
1719 1533 1958 1615 pariter
1982 1532 2293 1607 tollentes,
2327 1552 2459 1597 cer-

507 1632 700 1693 tatim
725 1634 1101 1716 irrumpunt,
1127 1642 1416 1717 potenter
1439 1636 1791 1698 munitione
1814 1636 2158 1719 potiuntur.
2228 1634 2458 1717 Opima

505 1736 719 1815 praeda
741 1736 1078 1813 invenitur,
1117 1739 1355 1803 nobiles
1379 1742 1542 1823 equi,
1569 1761 1749 1803 arma
1771 1740 2093 1815 militaria,
2130 1741 2456 1823 omnisque

499 1841 754 1921 generis
803 1842 1096 1925 supellex.
1217 1842 1366 1925 Quas
1416 1846 1604 1926 (sicut
1656 1846 1811 1908 alibi
1861 1853 2048 1928 capta
2090 1844 2454 1927 plerumque

501 1946 818 2028 grandia,)
855 1948 1132 2011 militum
1157 1950 1368 2031 potius
1390 1969 1578 2031 quam
1607 1969 1719 2011 sua
1742 1968 1873 2012 esse
1898 1948 2101 2012 voluit
2128 1948 2452 2010 continen-

507 2050 783 2113 tissimus
812 2071 886 2115 ac
925 2051 1395 2115 liberalissimus
1436 2054 1742 2136 princeps.
1825 2052 2187 2127 castellani,
2228 2053 2338 2133 qui
2382 2052 2451 2113 in

499 2174 715 2216 arcem
765 2155 1196 2237 confugerant,
1248 2158 1352 2220 die
1391 2166 1641 2240 postero
1682 2156 2056 2219 dediderunt
2096 2175 2182 2230 se,
2232 2163 2453 2218 contra

504 2256 822 2321 Willelmi
865 2259 1189 2340 ingenium
1235 2280 1310 2323 ac
1367 2260 1805 2323 fortitudinem
1849 2261 2010 2323 nulli
2054 2261 2453 2325 firmamento

497 2362 903 2426 confidentes.
999 2364 1392 2429 Restauratis
1421 2364 1540 2427 ille
1583 2384 1719 2446 quse
1760 2363 2021 2428 flamma
2068 2373 2450 2447 corruperat,

504 2468 910 2550 praesidioque
937 2469 1335 2551 providenter
1355 2471 1671 2554 disposito,
1697 2470 2020 2535 insolitum
2040 2472 2448 2554 triumphum,

497 2573 682 2654 quasi
708 2574 785 2635 de
811 2581 1042 2639 natura
1064 2584 1374 2656 superata,
1413 2575 1670 2638 domum
1694 2574 1937 2638 revexit
1973 2596 2117 2638 cum
2144 2577 2451 2640 immenso

495 2679 734 2761 gaudio
759 2680 1083 2744 exercitus.
1164 2678 1254 2741 Et
1293 2679 1566 2743 confines
1610 2677 1912 2742 Gaufiedi
1953 2699 2079 2742 non
2122 2679 2303 2742 triste
2344 2699 2449 2742 ac-

495 2793 800 2868 ceperunt
824 2786 944 2848 hoc
968 2805 1114 2850 eum
1159 2784 1342 2848 fuisse
1390 2784 1771 2846 detrimento
1814 2782 2228 2857 mulctatum3
2284 2803 2445 2846 asse-

500 2898 790 2952 verantes
848 2889 1120 2971 ‚gloriam
1187 2889 1375 2952 solius
1437 2887 1758 2953 Willelmi
1816 2890 2083 2964 comitis,
2140 2888 2447 2954 ultionem

499 2996 862 3073 multorum,
888 3019 1018 3062 esse
1043 3000 1123 3061 de
1147 3001 1397 3082 perjuro
1421 3017 1496 3059 ac
1519 2997 1828 3078 praedone.

581 3100 706 3163 Per
739 3102 908 3164 idem
934 3102 1065 3165 fere
1091 3111 1339 3184 tempus
1364 3100 1729 3175 Edwardus,
1769 3099 1908 3164 Rex
1933 3100 2308 3182 Anglorum,
2334 3121 2447 3164 suo

487 3207 629 3285 jam
654 3212 894 3268 statuto
931 3205 1166 3270 haeredi
1204 3204 1554 3278 Willelmo,
1596 3223 1784 3284 quem
1822 3202 1959 3266 loco
2001 3205 2290 3284 germani
2330 3214 2444 3268 aut

495 3308 686 3388 prolis
711 3309 1067 3383 adamabat,
1091 3309 1378 3389 graviore
1415 3327 1605 3389 quam
1644 3305 1851 3368 fuerat
1891 3313 2144 3369 cautum
2182 3307 2443 3388 pignore

492 3411 687 3473 cavit.
766 3410 1015 3474 Placuit
1077 3413 1286 3474 obitus
1352 3411 1785 3473 necessitatem
1843 3412 2203 3492 praevenire,
2266 3397 2463 3494 cnjus*

496 3517 720 3580 horam
747 3516 936 3579 homo
971 3525 1188 3588 sancta
1205 3517 1342 3580 vita
1365 3517 1448 3578 ad
1473 3515 1745 3580 caelestia
1781 3516 2062 3592 tendens,
2088 3518 2439 3598 proximam

493 3624 722 3688 afferre
745 3625 1188 3688 meditabatur.
1268 3621 1492 3684 Fidem
1517 3629 1907 3685 sacramento
1924 3621 2439 3688 confirmaturum

496 3731 852 3794 Heraldum
878 3732 938 3792 ei
964 3729 1320 3802 destinavit,
1346 3734 1708 3789 cunctorum
1736 3725 1849 3787 sub
1875 3725 2301 3788 dominatione
2326 3747 2439 3791 sua

495 3835 752 3910 divitiis,
790 3836 1043 3909 honore,
1071 3841 1258 3915 atque
1284 3831 1586 3912 potentia,
1626 3831 2221 3894 eminentissimum:
2262 3837 2437 3915 cujus

490 3952 686 4007 antea
702 3945 899 4007 frater
912 3952 982 4006 et
1004 3939 1320 4004 fratruelis
1337 3939 1580 4002 obsides
1594 3935 1845 3998 fuerant
1853 3937 2092 4019 accepti
2110 3937 2188 4000 de
2204 3958 2437 4004 succes-

490 4049 666 4110 sione
707 4050 946 4112 eadem.
1028 4047 1118 4109 Et
1141 4066 1287 4108 eum
1315 4044 1565 4127 quidem
1590 4041 2089 4124 prudentissime,
2129 4050 2200 4105 ut
2243 4044 2437 4125 ipsius

489 4172 641 4234 opes
665 4162 732 4216 et
755 4154 1096 4217 auctoritas
1121 4152 1314 4214 totius
1341 4147 1625 4230 Anglicae
1647 4147 1858 4227 gentis
1895 4146 2238 4210 dissensum
2265 4157 2433 4213 coe'r-
2492 4205 2503 4213 ,

486 4265 724 4332 carent,
750 4259 804 4321 si
819 4279 952 4321 rem
980 4278 1208 4321 novare
1233 4254 1498 4318 mallent
1523 4253 1763 4335 perfida
1785 4253 2158 4331 mobilitate,
2199 4266 2434 4339 quanta.

482 4379 622 4426 sese
687 4369 903 4443 agunt.
1002 4361 1335 4436 Heraldus,
1389 4361 1540 4450 dum
1589 4361 1673 4443 ob
1724 4360 1793 4422 id
1842 4361 2166 4442 negotium
2218 4363 2431 4425 venire

2004 4481 2033 4526 1
2071 4466 2116 4528 2
