3192 5050
736 622 954 669 essm
995 620 1342 667 WILLELMI
1383 620 1585 667 Ducls
1626 616 2169 667 NoRMANNORUM.
2334 604 2453 666 115

496 768 950 840 decerneretur,
997 767 1352 845 episcopum
1379 774 1491 828 aut
1529 767 2055 840 archidiaconum,
2093 763 2294 828 veluti
2336 764 2446 826 ad·

494 873 798 933 versarios
811 871 1038 933 divinae
1045 871 1264 952 partis,
1278 871 1619 933 criminans
1633 874 1700 932 in
1720 872 2025 953 Judicium
2042 868 2447 942 devocandos,

493 974 807 1037 feriendos
819 974 1002 1055 gravi
1017 974 1348 1035 sententia.
1431 973 1679 1050 Clerici,
1706 976 1835 1039 sive
1854 973 2167 1048 monachi,
2192 975 2367 1054 cujus
2406 992 2449 1033 a

494 1078 874 1158 professione
917 1078 1118 1140 vitam
1166 1098 1292 1140 non
1331 1078 1682 1159 discrepare
1722 1079 2083 1142 testimonio
2132 1075 2448 1155 probabili

495 1184 820 1263 comperit,
845 1202 1059 1245 caram
1085 1182 1362 1245 habebat
1387 1182 1883 1257 coHocutionem,
1926 1182 2208 1261 precatui
2240 1189 2446 1243 totam

494 1288 887 1352 voluntatem
935 1286 1302 1349 inclinabat.
1383 1286 1442 1349 E
1487 1288 1735 1351 diverso
1786 1305 1987 1368 neque
2040 1286 2231 1349 amici
2280 1285 2447 1349 oculi

497 1400 780 1471 respectu
807 1391 1190 1471 dignabatur
1215 1390 1516 1453 infamem
1543 1392 1627 1454 ob
1652 1391 2096 1453 enormitatem
2120 1389 2286 1452 vitae.

577 1494 1003 1559 Lanfrancum
1029 1496 1362 1577 quendam,
1405 1495 1483 1557 de
1509 1516 1633 1577 quo
1671 1496 1848 1557 venit
1890 1496 1959 1555 in
1985 1494 2185 1569 litem,
2225 1493 2447 1573 plusne

496 1602 580 1663 sit
604 1601 868 1663 meritus
893 1600 1310 1663 reverentiam
1337 1607 1524 1681 atque
1549 1599 1839 1681 gloriam,
1858 1599 2227 1661 secularium
2254 1618 2329 1660 ac
2353 1598 2449 1659 di-

502 1706 788 1769 vinarum
832 1705 1192 1767 litterarum
1228 1704 1532 1785 singulari
1556 1706 1807 1785 peritia,
1848 1725 1930 1766 an
1957 1704 2195 1767 ordinis
2232 1724 2449 1765 mona-

497 1810 659 1871 chici
684 1810 988 1891 singulari
1011 1810 1430 1884 observantia,
1450 1810 1681 1871 intima
1698 1809 2136 1871 familiaritate
2163 1808 2447 1871 colebat:

503 1922 571 1975 ut
598 1922 846 1993 patrem
872 1933 1198 1987 venerans,
1222 1929 1444 1975 verens
1467 1922 1540 1975 ut
1583 1920 2050 1993 praeceptorem,
2083 1912 2349 1993 diligens
2375 1920 2449 1974 ut

495 2036 866 2099 germanum
909 2026 1024 2080 aut
1067 2016 1327 2097 prolem.
1410 2016 1519 2079 Illi
1560 2017 1845 2080 consulta
1895 2018 2121 2079 animae
2172 2036 2314 2090 suae,
2352 2015 2447 2076 illi

497 2120 812 2200 speculam
869 2120 1206 2202 quandam,
1258 2120 1424 2183 unde
1475 2120 1804 2183 ordinibus
1856 2119 2285 2181 ecclesiasticis
2336 2138 2449 2198 per

497 2242 750 2285 omnem
791 2222 1255 2287 Normanniam
1293 2224 1773 2303 prospiceretur,
1812 2223 2146 2285 commisit.
2228 2220 2451 2283 Potuit

497 2347 768 2409 namque
795 2327 918 2389 viri
942 2326 1092 2389 talis
1128 2327 1400 2408 vigilans
1425 2346 1594 2401 cura,
1635 2346 1780 2389 cum
1805 2326 2148 2387 maximam
2180 2325 2450 2387 auctori-

497 2439 698 2495 tatem
725 2432 1048 2514 sapientiae
1072 2433 1313 2513 pariter
1336 2452 1410 2493 ac
1437 2432 1793 2495 sanctitatis
1831 2431 2248 2513 praerogativa
2282 2451 2449 2492 com-

496 2536 764 2617 paravit,
811 2537 1214 2598 securitatem
1263 2554 1389 2600 non
1427 2556 1692 2618 parvam
1744 2537 1999 2618 optimae
2043 2535 2449 2598 sollicitudini

499 2641 887 2722 promittere.
969 2639 1186 2723 Ipsum
1241 2642 1349 2724 pia
1401 2641 1675 2724 quadam
1728 2641 2037 2703 violentia
2084 2641 2451 2702 monasterii

502 2741 906 2809 Cadomensis
957 2745 1252 2807 abbatem
1307 2746 1552 2819 statuit,
1604 2766 1731 2808 non
1784 2745 1991 2806 minus
2036 2744 2449 2807 reluctantem

498 2847 898 2928 subjectionis
925 2867 1157 2923 amore,
1198 2869 1388 2930 quam
1415 2849 1659 2911 altioris
1696 2848 1928 2931 gradus
1952 2849 2197 2910 timore.
2278 2847 2451 2910 Mul-

497 2951 582 3012 tis
607 2951 830 3014 deinde
856 2953 1356 3034 possessionibus,
1384 2954 1542 3016 item
1569 2961 1853 3035 argento,
1880 2972 2051 3026 auro,
2071 2952 2451 3032 diversisque

497 3057 889 3117 ornamentis
939 3057 1389 3118 monasterium
1437 3057 1609 3118 idem
1656 3055 2078 3138 locupletavit,
2123 3075 2233 3117 suo
2275 3054 2453 3137 largo

499 3167 754 3241 sumptu
779 3179 820 3222 a
846 3159 1259 3222 fundamento
1283 3169 1634 3224 astructum
1654 3159 1901 3240 ingenti
1927 3166 1994 3220 et
2018 3158 2453 3239 magnitudine

499 3270 568 3324 et
617 3263 858 3336 decore,
913 3263 1102 3343 digne
1171 3265 1534 3326 beatissimo
1595 3270 2055 3345 protomartyre
2114 3260 2453 3342 StephanO,

500 3369 676 3446 cujus
714 3365 996 3446 reliquiis
1021 3365 1575 3448 magnificandum,
1604 3366 1829 3428 honori
1855 3365 2267 3426 dedicandum
2293 3372 2451 3426 erat.

503 3468 773 3550 Majoris
797 3469 1070 3550 pendere
1096 3488 1284 3532 nemo
1310 3470 1544 3551 poterit
1559 3467 1766 3532 officia
1790 3487 2063 3550 precum,
2090 3487 2227 3548 quae
2245 3468 2312 3528 in
2338 3487 2453 3528 cae-

499 3575 682 3640 lestia
725 3577 1087 3638 mittuntur.
1171 3575 1406 3638 Crebro
1446 3572 1825 3635 famulorum
1870 3570 2106 3634 Christi
2140 3572 2457 3634 orationes

499 3679 838 3763 flagitabat
883 3690 952 3745 et
1001 3682 1254 3745 emebat
1293 3681 1570 3743 maximo
1596 3681 1851 3759 majore,
1889 3697 2031 3738 cum
2077 3675 2311 3738 bellum
2338 3686 2453 3758 aut

502 3784 632 3848 alia
657 3806 756 3847 res
781 3787 980 3848 ardua
1006 3786 1398 3848 imminebat.

582 3887 742 3951 Cum
769 3889 902 3953 haec
928 3897 1222 3963 retracto,
1250 3889 1448 3952 dulcis
1473 3887 1822 3949 recordatio
1848 3886 2103 3948 obvenit
2121 3884 2453 3951 Theodosii

502 3991 798 4073 Augusti,
843 4014 1028 4075 quem
1058 3994 1126 4054 in
1153 4010 1430 4075 pugnam
1457 3999 1680 4054 contra
1704 3999 2003 4072 tyrannos
2027 4011 2453 4073 processurum

503 4098 874 4160 animabant
893 4099 1066 4180 prius
1083 4096 1338 4159 oracula
1351 4106 1540 4176 atque
1557 4115 1849 4176 responsa
1868 4093 1912 4156 J
1914 4096 2134 4156 oannis
2152 4084 2453 4158 Monachi

503 4203 568 4262 in
615 4202 844 4266 ultima
872 4202 1194 4265 Thebaide
1229 4202 1691 4264 commorantis,
1771 4199 2160 4281 Acceptabat
2204 4223 2281 4262 ex
2319 4223 2451 4264 om-

502 4307 688 4371 nibus
725 4307 1049 4372 monachis
1090 4305 1196 4368 ille
1239 4303 1280 4368 J
1284 4325 1550 4368 oannem
1593 4304 1937 4367 obediendo
1977 4305 2273 4386 adeptum
2312 4326 2453 4386 pro-
