3192 5050
1136 627 1349 676 semp.
1390 623 1636 674 RERUM
1671 623 1866 674 GEsT.
1909 621 2260 671 WILLELMI
2301 621 2347 668 Ι.

906 773 1231 856 Quomodo
1251 791 1315 833 se
1342 778 1559 832 teneat
1578 771 1820 852 cogitat
1844 775 1958 830 aut
1975 767 2130 850 quid
2149 771 2319 847 agat.

827 876 1001 939 Nam
1026 877 1193 938 binis
1219 877 1489 936 miratur
1512 875 1690 956 equis
1715 874 1998 955 privatus
2021 870 2281 942 haberi3

905 979 1109 1042 Heret
1132 981 1200 1040 in
1227 979 1346 1041 hoc
1371 978 1561 1060 paulo
1582 998 1599 1053 3
1641 977 1752 1040 sed
1777 976 1941 1038 nihil
1961 994 2092 1037 esse
2118 979 2322 1056 putat.

828 1083 1057 1146 Censet
1076 1085 1267 1157 enim,
1292 1084 1530 1145 virtute
1550 1083 1674 1144 sibi
1698 1082 1956 1144 fortuna
1972 1078 2232 1141 favebit.

912 1186 1259 1251 Subveniet
1284 1187 1450 1248 votis
1476 1194 1543 1248 et
1569 1187 1704 1248 sine
1730 1184 1951 1247 fraude
1979 1183 2124 1244 suis.

829 1287 1003 1371 Ergo
1030 1291 1126 1351 sui
1152 1309 1339 1363 mors,
1360 1292 1555 1371 jurat,
1582 1290 1746 1371 equi,
1773 1289 1828 1350 si
1853 1288 2079 1349 dextra
2095 1283 2401 1357 manebit,

911 1391 1062 1454 Non
1090 1394 1225 1454 sine
1249 1394 1535 1454 vindicta
1558 1393 1844 1454 transiet.
1928 1390 2182 1470 Absque
2210 1407 2391 1448 mora

828 1496 1173 1558 Auctorem
1204 1496 1451 1558 sceleris
1476 1496 1712 1558 multos
1738 1497 1907 1556 inter
1923 1495 2288 1555 latitantem

910 1599 1130 1682 Longe
1158 1602 1557 1682 perspiciens,
1583 1600 1846 1682 perdere
1871 1599 2072 1660 currit
2097 1615 2263 1658 eum.

830 1703 1093 1784 Inpulsu
1111 1704 1350 1764 dextrae
1374 1703 1535 1764 duro
1559 1705 1876 1764 mucronis
1901 1709 1969 1763 et
1995 1702 2126 1762 ictu

908 1806 1037 1869 Ilia
1058 1808 1403 1889 praecidens
1418 1808 1663 1869 viscera
1687 1807 1854 1867 fudit
1879 1806 2078 1867 humi.

829 1910 923 1972 At
947 1931 1155 1974 comes
1183 1909 1561 1972 Eustachius
1585 1911 1904 1992 generosis
1929 1909 2216 1992 patribus
2240 1917 2433 1983 ortus,

915 2013 1143 2095 Septus
1166 2013 1517 2076 bellantum
1544 2013 1884 2096 multiplici
1911 2033 2128 2090 cune0,

830 2118 939 2180 Ad
964 2119 1138 2180 ducis
1156 2118 1463 2180 auxilium
1489 2118 1754 2179 festinat
1771 2118 2014 2199 primus
2038 2099 2280 2190 haberi,

909 2219 1323 2303 Efficiturque
1340 2223 1551 2304 pedes,
1579 2221 1709 2283 dux
1735 2228 1808 2282 ut
1834 2221 2042 2282 abiret
2061 2239 2265 2302 eques.

831 2324 1025 2388 Miles
1044 2335 1183 2388 erat
1210 2327 1466 2407 quidam
1494 2327 1746 2388 comitis
1770 2327 2049 2387 nutritus
2074 2325 2158 2386 ab
2184 2323 2331 2386 illo:

910 2428 1179 2492 Fecerat
1204 2439 1279 2492 ut
1304 2431 1579 2504 domino,
1607 2430 1758 2491 fecit
1785 2438 1852 2492 et
1877 2429 1985 2491 ille
2011 2427 2151 2491 sibi.
2337 2432 2346 2438 ’

833 2534 1095 2597 Talibus
1122 2536 1412 2616 auspiciis
1438 2556 1646 2597 comes
1671 2542 1738 2595 et
1764 2535 1892 2595 dux
1918 2536 2208 2597 associati

910 2636 1048 2718 Quo
1064 2640 1271 2719 magis
1296 2658 1476 2699 arma
1502 2640 1761 2711 micant,
1779 2636 1951 2699 bella
1975 2638 2164 2699 simul
2189 2646 2505 2720 repetunt.

830 2741 1183 2803 Amborum
1209 2741 1438 2822 gladiis
1463 2762 1722 2823 campus
1749 2742 2008 2803 rarescit
2035 2742 2117 2803 ab
2145 2742 2394 2824 AngliS,

910 2842 1156 2906 Defluit
1173 2852 1241 2905 et
1265 2864 1579 2917 numeruS,
1605 2851 1795 2906 nutat
1821 2851 1886 2905 et
1913 2844 2227 2906 atteritur.

832 2945 1088 3008 Corruit
1112 2949 1401 3029 apposita
1418 2966 1531 3008 ceu
1558 2947 1718 3010 silva
1743 2948 1992 3009 minuta
2017 2948 2240 3022 securi,

918 3050 1023 3113 Sic
1048 3071 1269 3113 nemus
1297 3050 1728 3133 Angligenum
1755 3051 2008 3113 ducitur
2033 3054 2116 3114 ad
2141 3052 2431 3118 nihilum.

829 3153 875 3216 J
878 3175 983 3216 am
1010 3154 1207 3215 ferme
1232 3172 1525 3235 campum
1555 3155 1786 3216 victrix
1813 3154 2036 3218 effecta
2060 3158 2342 3239 regebat,

912 3254 955 3321 J
960 3280 1063 3320 am
1090 3257 1359 3340 spolium
1384 3257 1537 3319 belli
1566 3256 1780 3321 Gallia
1797 3259 1945 3321 laeta
1961 3263 2144 3342 petit,

832 3364 995 3425 Cum
1022 3364 1151 3424 dux
1175 3364 1495 3445 prospexit
1518 3382 1735 3444 regem
1763 3384 1948 3446 super
1974 3366 2174 3429 ardua
2197 3368 2434 3430 montis

913 3467 1168 3529 Acriter
1192 3468 1499 3528 instantes
1524 3467 1870 3530 dilacerare
1897 3490 2055 3533 suos.

832 3572 1122 3635 Advocat
1148 3568 1602 3632 Eustachium:
1639 3570 1927 3654 linquens
1953 3574 2044 3636 ibi
2069 3575 2288 3656 praelia
2314 3573 2595 3653 FranciS,

912 3670 1241 3757 Oppressis
1264 3674 1546 3736 validum
1564 3675 1841 3755 ,contulit
1868 3676 2189 3740 auxilium.

832 3779 1022 3842 Alter
1046 3788 1119 3841 ut
1146 3778 1541 3853 Hectorides‚
1563 3778 1822 3841 Pontivi
1847 3780 2078 3843 nobilis
2101 3782 2301 3857 heres,

911 3882 1053 3946 Hos
1076 3884 1417 3945 comitatur
1443 3882 1642 3965 Hugo
1669 3893 1953 3965 promtus
1981 3888 2046 3947 in
2073 3886 2310 3962 offici03

832 3986 1108 4069 Quartus
1132 3986 1471 4060 Gilfardus,
1499 3990 1699 4069 patris
1726 4008 1766 4051 a
1791 3992 2161 4071 cognomine
2183 3991 2422 4055 dictus:

926 4094 1121 4176 Regis
1148 4093 1232 4154 ad
1258 4092 1524 4154 exitium
1546 4101 1817 4175 quatuor
1837 4114 2016 4155 arma
2041 4094 2272 4157 ferunt.

830 4198 955 4262 Ast
982 4197 1092 4259 alii
1118 4196 1365 4277 plures3
1406 4194 1548 4258 aliis
1574 4205 1721 4258 sunt
1746 4196 1814 4257 hi
1842 4196 2153 4259 meliores.

914 4302 987 4364 Si
1006 4302 1144 4383 quis
1162 4302 1229 4361 in
1254 4300 1373 4361 hoc
1399 4300 1668 4373 dubitat,
1697 4302 1862 4362 actio
1889 4322 2042 4363 vera
2067 4303 2328 4383 probat:
