3192 5050
789 638 1006 686 GESTA
1047 636 1398 686 WILLELMI
1437 638 1643 685 DUCIS
1682 637 2233 687 NORMANNORUM.
2390 624 2507 687 135

542 779 659 845 hoc
711 802 825 842 nos
877 782 988 844 illo
1033 803 1455 865 properamuS,
1498 794 1588 857 ut,
1642 782 1827 845 finita
1880 781 2196 845 Willelmi
2246 780 2510 847 Comitis

541 882 742 959 laude,
765 885 1080 948 Willelmi
1101 887 1293 969 Regis
1318 888 1586 969 gloriam
1614 889 1974 949 scribamus.

621 989 1218 1054 Animadvertentes
1287 992 1663 1067 Normanni,
1733 994 2019 1073 sociaque
2091 993 2299 1068 turba,
2378 1015 2505 1055 non

543 1092 774 1175 absque
801 1098 998 1159 nimio
1027 1100 1123 1159 sui
1149 1100 1543 1160 incommodo
1561 1099 1807 1183 hostem
1835 1106 2087 1159 tantum
2115 1098 2302 1159 simul
2329 1100 2509 1160 resis-

546 1204 786 1260 tentem
814 1204 1094 1283 superari
1120 1224 1330 1284 posse:
1370 1212 1554 1284 terga
1588 1203 1915 1276 dederunt,
1942 1202 2175 1283 fugam·
2190 1223 2269 1263 ex
2296 1205 2508 1266 indus-

544 1303 672 1364 tria
715 1305 1100 1367 simulantes,
1183 1306 1619 1369 Meminerant
1662 1326 1849 1388 quam
1892 1314 2125 1387 optatae
2175 1308 2270 1368 rei
2321 1310 2510 1389 paulo

547 1416 695 1469 ante
721 1410 874 1491 fuga
899 1411 1144 1473 dederit
1172 1413 1578 1473 occasionem.
1662 1411 1961 1474 Barbaris
1992 1432 2133 1473 cum
2174 1432 2282 1494 spe
2314 1415 2510 1477 victo-

545 1512 654 1573 riae
680 1514 901 1595 ingens
927 1516 1152 1577 laetitia
1175 1525 1394 1579 exorta
1420 1524 1533 1578 est.
1624 1515 1771 1579 Sese
1797 1517 2197 1579 cohortantes
2223 1517 2509 1580 exultan-

543 1630 609 1677 te
635 1615 906 1681 clamore
927 1631 1170 1683 nostros
1187 1620 1538 1683 maledictis
1556 1622 1987 1703 increpabant,
2015 1631 2080 1683 et
2099 1623 2509 1685 minabantur

544 1732 798 1786 cunctos
849 1726 1019 1787 illico
1071 1728 1344 1789 ruituros
1394 1748 1542 1789 esse.
1626 1728 1803 1789 Ausa
1852 1735 2017 1801 sunt,
2071 1735 2144 1788 ut
2208 1728 2508 1809 superius,

545 1827 786 1910 aliquot
837 1831 1040 1893 millia
1092 1833 1268 1913 quasi
1318 1832 1572 1895 volante
1628 1852 1831 1905 cursu,
1868 1852 2020 1913 quos
2064 1822 2281 1913 fugere
2328 1840 2510 1914 puta-

546 1933 721 2007 bant,
765 1956 1005 2017 urgere.
1088 1934 1447 1998 Normanni
1496 1945 1755 2018 repente
1799 1936 2061 2018 regirati
2096 1938 2273 2017 equis
2315 1937 2511 1997 inter-

543 2048 754 2120 ceptos
799 2048 864 2101 et
908 2040 1174 2103 inclusos
1220 2044 1492 2123 undique
1532 2049 1989 2115 mactaverunt,
2035 2040 2280 2102 nullum
2318 2040 2510 2101 relin-

477 2180 509 2193 α»
545 2154 822 2225 quentes.
903 2145 1016 2207 Bis
1040 2166 1116 2209 eo
1141 2146 1284 2207 dolo
1315 2146 1507 2208 simili
1547 2154 1777 2208 eventu
1816 2146 1933 2219 usi,
1974 2146 2244 2226 reliquos
2283 2147 2510 2226 majori

543 2270 686 2309 cum
741 2248 1066 2309 alacritate
1133 2251 1412 2330 aggressi
1464 2258 1644 2311 sunt:
1713 2251 1913 2311 aciem
1980 2251 2183 2311 adhuc
2251 2251 2509 2312 horren-

543 2354 712 2426 dam,
769 2362 835 2414 et
888 2348 1076 2434 quam
1129 2352 1568 2415 difficillimum
1622 2362 1759 2416 erat
1812 2355 2280 2416 circumvenire.
2398 2353 2513 2415 Fit

545 2457 770 2518 deinde
823 2458 1061 2519 insoliti
1130 2460 1378 2540 generis
1422 2479 1656 2542 pugna,
1713 2480 1902 2542 quam
1966 2459 2167 2521 altera
2217 2480 2362 2542 pars
2414 2460 2510 2520 in-

542 2563 823 2626 cursibus
875 2573 940 2625 et
986 2565 1245 2627 diversis
1289 2566 1564 2626 motibus
1618 2566 1771 2646 agit,
1822 2564 2042 2638 altera,
2096 2564 2270 2626 velut
2315 2566 2509 2626 humo

543 2667 750 2742 affixa,
784 2669 1033 2731 tolerat.
1115 2667 1451 2750 Languent
1495 2670 1711 2751 Angli,
1760 2678 1825 2731 et
1866 2671 2042 2752 quasi
2086 2678 2331 2732 reatum
2375 2671 2511 2750 ipso

541 2774 788 2835 defectu
843 2773 1241 2848 confitentes,
1307 2775 1655 2838 vindictam
1716 2777 2061 2857 patiuntur.
2162 2773 2509 2856 Sagittant,

541 2879 795 2953 feriunt,
822 2879 1180 2961 perfodiunt
1204 2878 1271 2940 N
1271 2881 1595 2942 ormanni:
1637 2882 1874 2943 mortui
1900 2881 2059 2963 plus,
2080 2879 2231 2941 dum
2255 2881 2508 2954 cadunt,

542 3003 729 3064 quam
761 2984 911 3058 vivi,
939 2986 1177 3046 moveri
1203 2985 1516 3047 videntur.
1600 2983 1859 3048 Leviter
1884 2986 2191 3047 sauciatos
2216 3005 2343 3046 non
2370 3005 2509 3064 per-

541 3089 746 3149 mittit
777 3088 1058 3163 evadere,
1103 3090 1213 3150 sed
1253 3091 1723 3171 comprimendo
1758 3097 1960 3163 necat,
2009 3090 2315 3150 sociorum
2357 3089 2508 3148 den-

540 3192 709 3253 sitas,
792 3189 898 3253 Ita
935 3192 1203 3255 felicitas
1239 3215 1354 3276 pro
1390 3192 1723 3258 Willelmo
1766 3192 2089 3276 triumpho
2132 3191 2509 3252 maturando

539 3297 833 3357 cucurrit.

622 3399 1056 3464 Inter-fuerunt
1097 3403 1245 3466 huic
1286 3402 1501 3484 praelio
1538 3401 1915 3464 Eustachius
1953 3402 2231 3464 Boloniae
2267 3397 2509 3473 ComeS,

541 3502 908 3566 Willelmus
941 3505 1244 3570 Richardi
1277 3505 1676 3568 Ebroicensis
1710 3504 1975 3570 Comitis
2011 3506 2198 3578 filius,
2234 3503 2508 3566 Goisfre-

540 3611 655 3670 dus
696 3608 995 3673 Rotronis
1035 3611 1398 3673 Moritoniae
1443 3611 1709 3674 Comitis
1749 3611 1933 3686 filius,
1975 3610 2344 3672 Willelmus
2396 3607 2507 3670 Os-

543 3716 726 3777 berni
778 3715 962 3790 filius,
1022 3715 1392 3778 Haimerius
1447 3716 1813 3779 Toarcensis
1861 3716 2115 3788 PraeseS,
2168 3713 2501 3775 Walterus

545 3818 878 3896 Giffardus,
913 3820 1110 3903 Hugo
1153 3822 1230 3882 de
1270 3821 1667 3897 Monteforti,
1716 3822 2082 3903 Rodolphus
2124 3822 2203 3882 de
2249 3818 2505 3892 Toneia,

541 3924 654 3987 Hu
660 3947 743 4008 go
777 3927 854 3988 de
893 3925 1366 4000 Grentmaisnil,
1409 3926 1779 3988 Willelmus
1820 3927 1897 3988 de
1940 3925 2324 3997 Warrenna,
2366 3923 2506 3984 alii-

540 4051 658 4112 que
687 4032 1085 4114 quamplures
1110 4032 1408 4093 militaris
1433 4033 1809 4113 praestantiae
1825 4032 1997 4094 fama
2012 4031 2505 4103 celebratissimi,

539 4143 604 4196 et
648 4156 909 4217 quorum
942 4139 1200 4199 nomina
1235 4137 1642 4198 historiarum
1675 4137 2097 4200 voluminibus
2128 4138 2297 4199 inter
2328 4135 2507 4197 belli-

542 4241 887 4302 cosissimos
939 4241 1364 4304 commendari
1416 4242 1653 4304 deceat.
1734 4241 2101 4304 Willelmus
2152 4264 2319 4317 vero,
2357 4242 2507 4304 Dux

539 4363 775 4419 eorum,
826 4345 982 4408 adeo
1027 4348 1365 4428 praestabat
1417 4348 1507 4409 eis
1547 4347 1937 4423 fortitudine,
1980 4348 2504 4430 quemadmodum
