3192 5050
705 606 823 672 152
1063 622 1274 670 semp.
1314 618 1556 669 RERUM
1594 620 1784 669 GEs'r.
1826 620 2175 670 WILLELMI
2216 624 2262 670 1.

705 770 906 843 trivit,
933 776 1005 829 ut
1029 775 1169 849 post
1195 787 1401 829 secum
1429 768 1770 829 dimicandi
1796 766 2088 829 fiduciam
2116 768 2474 831 nullatenus
2500 772 2656 831 reci-

703 881 944 955 perent.
1027 869 1186 933 Cum
1239 871 1406 931 idem
1474 872 1817 952 imperator
1886 871 1969 932 ad
2022 870 2258 933 flumen
2333 871 2649 935 Tamesim

706 977 1103 1059 pervenisset,
1146 975 1212 1035 in
1240 973 1395 1035 fines
1424 972 1891 1049 Cassivellauni,
1946 977 2053 1056 qui
2079 983 2298 1038 contra
2322 998 2387 1039 se
2418 977 2651 1039 bellum

704 1079 1204 1152 administrabat,
1232 1080 1572 1140 exercitum
1600 1078 1846 1153 ducenS,
1895 1080 1961 1139 in
1989 1080 2249 1142 adversa.
2274 1081 2415 1162 ripa
2439 1082 2648 1143 hostes

706 1184 997 1245 instructi
1035 1183 1388 1245 obstabant.
1470 1181 1831 1264 AEgerrime
1890 1183 2129 1245 milites
2166 1183 2437 1247 Romani
2492 1186 2655 1247 vada

705 1289 1108 1360 transierunt,
1137 1308 1212 1347 ex
1245 1306 1410 1367 aqua
1450 1287 1657 1366 capite
1702 1286 1833 1348 solo
1875 1295 2177 1349 extantes.
2257 1288 2351 1350 At
2396 1310 2542 1351 cum
2586 1290 2651 1351 in

705 1392 968 1453 eandem
978 1392 1294 1471 regionem
1307 1388 1456 1451 Dux
1472 1388 1983 1452 Normannorum
2000 1391 2387 1466 adventaret,
2400 1394 2651 1456 obviam

705 1496 764 1555 ei
830 1493 1228 1555 clementiam
1296 1492 1686 1574 deprecando
1751 1504 2180 1575 processerunt
2246 1497 2533 1559 civitates
2585 1506 2651 1559 et

702 1599 1061 1679 municipia.
1145 1596 1462 1658 Militibus
1488 1600 1620 1677 ejus
1646 1600 1978 1678 trajectum
1998 1598 2167 1660 ultra
2187 1597 2418 1661 flumen
2442 1609 2649 1683 ponte,

698 1704 750 1763 si
779 1704 846 1762 id
871 1701 1249 1763 collibuisset
1291 1702 1619 1782 imperare,
1648 1703 1781 1763 sine
1810 1722 1990 1765 mora
2030 1705 2436 1785 paravissent.
2520 1703 2649 1767 Cae-

702 1827 822 1879 sar,
863 1815 937 1867 ut
975 1826 1159 1885 agros
1195 1812 1473 1866 vastaret
1511 1804 1659 1885 igne
1699 1825 1773 1865 ac
1811 1806 2040 1886 praeda,
2080 1807 2429 1887 equitatum
2471 1828 2649 1869 suum

703 1909 941 1984 effudit,
982 1930 1134 1991 quos
1185 1908 1376 1971 latius
1430 1910 1653 1989 vagari
1709 1908 2206 1972 Cassivellaunus
2259 1912 2651 1991 prohibebat,

702 2035 779 2075 ex
844 2013 1092 2075 Essedis
1154 2032 1432 2094 pugnare
1496 2014 1730 2094 peritos
1783 2013 2203 2074 immittenda
2286 2012 2649 2077 Willelmus

701 2126 914 2179 autem
953 2115 1215 2198 pacifica
1246 2118 1472 2198 jubens
1510 2116 1749 2190 incOIiS‚
1789 2124 2025 2177 terram
2053 2135 2241 2197 quam
2267 2117 2453 2179 citius
2478 2138 2650 2180 ever-

699 2230 834 2283 tere
861 2229 1083 2304 posset,
1103 2220 1338 2282 incolas
1358 2242 1501 2282 cum
1521 2229 1695 2282 terra
1714 2221 1834 2281 sibi
1855 2221 2265 2283 conservavit.
2344 2218 2649 2283 Defendit

703 2326 912 2389 Gaesar
937 2328 1019 2389 ab
1046 2327 1278 2408 injuria
1319 2312 1768 2389 Cassivellauni
1812 2324 2354 2401 Mandrubatium,
2395 2336 2461 2388 et
2500 2328 2649 2390 civi-

697 2439 915 2505 tatem,
942 2433 1036 2512 cuj
1045 2451 1115 2491 us
1148 2431 1481 2513 imperium
1518 2431 1793 2493 reddidit
1834 2429 2305 2492 MandrubatiO.
2388 2429 2646 2493 Libera-

699 2538 795 2598 vit
821 2537 888 2596 in
922 2543 1223 2617 perpetuo
1261 2534 1625 2596 Willelmus
1662 2543 1917 2616 gentem
1954 2556 2205 2597 omnem
2243 2555 2283 2596 a
2316 2537 2648 2617 tyrannide

698 2639 986 2713 Heraldi,
1029 2647 1217 2721 atque
1261 2637 1484 2699 solium
1526 2639 1806 2700 obtinuit
1847 2639 2012 2720 ipse3
2055 2640 2221 2700 unde
2274 2640 2647 2721 regionibus,

701 2764 837 2825 quae
867 2744 982 2805 sub
1008 2742 1224 2803 multis
1250 2742 1504 2823 regibus
1550 2742 1864 2822 quondam
1891 2750 2173 2823 egerant,
2216 2763 2373 2804 unus
2399 2745 2654 2826 imperi-

699 2855 883 2910 taret.
964 2845 1238 2909 Romani
1253 2845 1456 2938 solum
1488 2866 1566 2908 ex
1604 2844 1950 2908 Britanniae
1984 2848 2323 2928 majoribus
2357 2847 2649 2931 Cingeto-

698 2953 898 3034 rigem
939 2958 1254 3032 ceperunt.
1338 2949 1521 3012 Mille
1588 2971 1668 3011 ex
1733 2951 1869 3032 ipsa
1932 2951 2187 3013 natione
2253 2951 2525 3015 illustres
2583 2956 2649 3014 in

696 3054 965 3128 vincula,
997 3055 1052 3116 si
1092 3054 1442 3137 placuisset,
1490 3055 1897 3135 conjecissent
1940 3053 2315 3118 Normanni.
2398 3056 2650 3139 Quanta

695 3159 980 3242 partibus
1032 3159 1101 3219 in
1158 3159 1307 3240 ipsis
1364 3156 1638 3220 Romani
1691 3166 2015 3239 gesserunt
2073 3167 2353 3242 tempore
2413 3162 2648 3236 aestiv0,

697 3272 936 3347 quanta
981 3262 1339 3326 Normanni
1373 3262 1674 3324 hiberno!
1737 3262 2053 3344 Hyemem
2091 3264 2174 3325 ad
2206 3285 2305 3326 res
2340 3265 2505 3328 bello
2540 3288 2646 3348 ge-

696 3369 920 3431 rendas
949 3369 1154 3429 minus
1182 3387 1370 3449 quam
1398 3374 1681 3428 aestatem
1713 3375 2131 3448 opportunam
2164 3389 2294 3430 esse
2314 3379 2644 3452 pernotum

698 3483 814 3537 est.
899 3473 1130 3537 Caesari
1154 3472 1306 3534 satis
1327 3473 1532 3533 fuerat
1559 3471 1639 3532 ad
1661 3470 1910 3532 laudem
1930 3471 2032 3534 vel
2051 3473 2415 3549 utilitatem,
2440 3476 2656 3557 praelia

692 3600 835 3642 cum
864 3577 1207 3652 Britannis,
1234 3576 1330 3637 uti
1356 3596 1501 3636 cum
1528 3572 1745 3648 Gallis,
1766 3575 2130 3656 imperando
2150 3577 2371 3641 facere.
2453 3578 2647 3661 Equi-

694 3685 838 3746 dem
865 3703 978 3745 sua
1002 3701 1194 3743 manu
1220 3701 1364 3742 raro
1389 3679 1715 3762 pugnavit.
1797 3677 1955 3741 Haec
1991 3681 2195 3744 multa
2229 3683 2455 3746 ducum
2482 3686 2647 3746 anti-

694 3808 956 3870 quorum
982 3785 1363 3848 consuetudo
1406 3784 1548 3845 fuit.
1631 3782 2037 3845 Attestantur
2061 3789 2496 3850 commentarii
2520 3789 2645 3850 elo-

694 3893 951 3974 quentia
974 3892 1168 3974 ipsius
1193 3890 1436 3952 dictati.
1515 3887 1610 3950 At
1636 3887 1899 3952 dedecus
1925 3889 2128 3951 visum
2154 3899 2253 3953 est
2290 3890 2645 3967 Willelmo‚

691 4017 764 4058 ac
804 4015 1027 4077 parum
1065 3994 1241 4068 utile,
1281 3994 1348 4054 in
1388 4013 1464 4055 eo
1503 3990 1821 4065 conflictu,
1864 4012 1985 4074 quo
2026 3996 2332 4058 contrivit
2386 3996 2650 4078 Anglos‚

688 4098 895 4162 officia
919 4107 1211 4179 praestare
1241 4095 1668 4178 Imperatoria
1688 4095 1810 4154 nisi
1829 4104 2154 4177 praestaret
2173 4096 2380 4160 officia
2400 4119 2645 4180 quoque

689 4203 929 4276 militis,
955 4203 1051 4263 uti
1084 4201 1266 4264 bellis
1291 4201 1433 4263 aliis
1459 4207 1883 4263 consueverat.
1967 4198 2045 4261 In
2083 4203 2259 4263 omni
2300 4201 2471 4263 enim
2515 4223 2651 4263 cer·-

689 4308 950 4380 tamine,
977 4306 1085 4366 ubi
1111 4326 1378 4387 praesens
1405 4306 1645 4377 aderat,
1690 4303 1929 4384 primus
1955 4312 2067 4365 aut
2095 4306 2161 4365 in
2188 4306 2408 4387 primis
2434 4306 2651 4387 gladio
