3192 5050
819 631 978 684 Wm.
1021 634 1304 682 CARMEN
1346 634 1438 681 DE
1479 633 1855 682 HASTINGAE
1898 631 2188 680 PROELIO.

585 776 758 842 Nam
787 787 928 841 tum
956 779 1230 860 quinque
1270 778 1404 840 dies
1431 777 1759 860 complesti
1786 775 2017 838 finibus
2042 774 2188 850 illis,

659 881 1046 964 Exspectans
1066 883 1298 944 summi
1326 880 1368 943 J
1371 882 1572 943 udicis
1600 881 1927 943 auxilium.

578 985 926 1049 Ecclesiam
953 988 1156 1048 sancti
1183 986 1413 1048 devota
1436 994 1651 1048 mente
1678 986 2103 1067 frequentanS,

660 1089 769 1152 Illi
794 1112 955 1173 pura
980 1091 1175 1154 dabas
1201 1091 1653 1173 ingeminando
1678 1110 1912 1172 preces.

579 1193 846 1276 Inspicis
871 1203 942 1266 et,
961 1194 1186 1277 templi
1207 1195 1413 1277 gallus
1427 1215 1554 1277 qua
1578 1196 1853 1257 vertitur
1878 1215 2070 1257 aura:

657 1299 894 1360 Auster
913 1299 966 1360 si
991 1299 1210 1381 spirat,
1236 1298 1418 1360 laetus
1435 1298 1667 1361 abinde
1694 1299 1879 1372 redis,

585 1402 655 1465 Si
683 1404 892 1464 subito
934 1402 1170 1465 Boreas
1196 1403 1504 1465 Austrum
1531 1403 1795 1465 divertit
1825 1411 1891 1464 et
1916 1411 2108 1476 arcet,

656 1504 890 1567 Effusis
915 1505 1194 1568 lacrimis
1221 1505 1478 1569 fletibus
1503 1526 1618 1569 ora
1643 1507 1831 1588 rigas.

580 1607 914 1671 Desolatus
933 1629 1108 1672 eras:
1153 1610 1353 1692 frigus
1381 1608 1657 1672 faciebat
1684 1617 1750 1670 et
1776 1610 2000 1683 imber,

656 1710 746 1774 Et
771 1711 952 1794 polus
977 1713 1264 1775 obtectus
1288 1713 1562 1774 nubibus
1587 1721 1657 1774 et
1681 1712 1930 1794 pluviis.

581 1813 709 1876 Sed
737 1815 932 1878 Pater
955 1817 1376 1897 omnipotenS,
1403 1817 1471 1877 in
1499 1837 1623 1898 quo
1650 1817 1772 1878 tibi
1800 1836 1974 1898 spem
2001 1818 2283 1899 posuisti,

658 1917 974 2001 Tempora.
999 1920 1108 2002 qui
1134 1919 1304 1995 fecit,
1331 1927 1647 2002 temperat
1673 1929 1862 2003 atque
1890 1922 2075 2002 regit,

581 2021 704 2105 Qui
729 2023 942 2105 palmo
968 2023 1213 2099 coelum,
1239 2032 1497 2098 terram,
1513 2045 1691 2086 mare
1718 2025 2027 2107 ponderat
2051 2046 2245 2108 aeque,

662 2125 783 2190 Cui
808 2129 1134 2210 proprium
1152 2137 1400 2192 constat
1421 2130 1716 2192 omnibus
1742 2150 1873 2192 esse
1899 2129 2053 2191 locis

585 2229 986 2306 Praesentem,
1007 2233 1298 2315 precibus
1322 2233 1499 2295 dedit
1525 2241 1592 2295 et
1612 2232 1915 2295 calcabile
1946 2231 2139 2296 Petro

661 2333 910 2417 AEquor
925 2338 1039 2397 sub
1065 2336 1346 2418 pedibus,
1372 2336 1815 2419 compatiendo
1840 2337 1979 2409 sibi,

583 2436 768 2500 Velle
787 2447 972 2501 tuum
989 2441 1248 2502 tandem
1269 2441 1410 2522 pius
1436 2449 1511 2502 ut
1537 2439 1714 2502 Deus
1740 2447 1835 2502 est
1853 2441 2207 2514 miseratus,

664 2541 790 2605 Pro
814 2553 1084 2626 votoque
1111 2546 1234 2608 tibi
1259 2547 1688 2629 suppeditavit
1711 2566 1885 2629 opus,

584 2644 850 2728 Expulit
875 2668 918 2710 a
939 2648 1098 2711 coelo
1121 2650 1322 2711 nubes
1347 2658 1414 2712 et
1442 2650 1527 2712 ab
1553 2670 1803 2731 aequore
1830 2658 2070 2725 ventos,

665 2750 936 2834 Frigora
952 2754 1257 2828 dissolvit,
1297 2762 1530 2837 purgat
1549 2761 1617 2815 et
1644 2755 1845 2817 imbre
1871 2753 2107 2836 polum.

583 2852 860 2918 Incaluit
879 2857 1070 2919 tellus
1094 2858 1296 2920 nimio
1322 2858 1575 2940 perfusa
1602 2858 1831 2932 calore,

659 2958 750 3022 Et
778 2958 1052 3023 Phoebus
1077 2961 1262 3024 solito
1294 2961 1524 3025 clarior
1543 2962 1821 3024 emicuit.

582 3061 773 3126 Festa
797 3065 930 3127 dies
960 3064 1296 3127 Michaelis
1315 3073 1458 3127 erat
1483 3065 1862 3127 celebranda
1887 3087 2000 3147 per
2024 3066 2265 3142 orbem,

661 3166 823 3231 Cum
850 3190 964 3251 pro
990 3169 1152 3232 velle
1172 3170 1294 3232 tibi
1318 3178 1548 3233 cuncta
1573 3168 1749 3233 Deus
1774 3170 2021 3232 tribuit.

580 3270 876 3335 Protinus
903 3294 1030 3336 una
1055 3273 1180 3335 fuit
1210 3294 1389 3335 mens
1413 3274 1724 3347 omnibus,
1762 3294 1944 3355 sequa
1971 3274 2264 3339 voluntas

655 3375 700 3438 J
704 3397 810 3437 am
831 3378 992 3439 bene
1019 3386 1246 3461 pacato
1273 3378 1526 3441 credere
1553 3399 1619 3440 se
1644 3378 1887 3461 pelago,

580 3480 978 3563 Quamquam
1007 3481 1260 3556 diversi,
1289 3491 1504 3545 tamen
1525 3483 1755 3545 adsunt
1780 3481 2127 3557 laetificati3

659 3583 798 3646 Nec
823 3605 1021 3659 mora,
1050 3587 1310 3668 quisque
1337 3606 1519 3648 suum
1547 3586 1748 3648 currit
1775 3586 1859 3647 ad
1884 3583 2181 3671 officium.

584 3685 946 3750 Sublimant
971 3688 1085 3750 alii
1111 3689 1329 3764 malos,
1355 3690 1590 3772 aliique
1617 3691 1913 3754 laborant
2100 3672 2111 3681 ’

655 3789 906 3853 Erectis
932 3792 1121 3855 malis
1148 3794 1380 3855 addere
1405 3795 1550 3857 vela
1575 3816 1779 3877 super.

580 3893 864 3957 Plurima
888 3897 1061 3977 cogit
1085 3916 1276 3978 equos
1303 3899 1587 3979 equitum
1616 3920 1762 3982 pars
1788 3900 2084 3962 scandere
2114 3921 2307 3964 naves
2330 3921 2347 3975 ;

662 4000 889 4063 Altera
913 4000 1218 4064 festinant
1243 4022 1424 4065 arma
1447 4002 1657 4065 locare
1684 4024 1815 4066 sua.

582 4104 766 4166 Haut
792 4126 966 4168 secus
992 4107 1239 4168 invadit
1264 4106 1477 4169 classis
1503 4107 1645 4169 loca
1659 4108 1851 4171 turba
1876 4109 2199 4190 pedestris,

665 4208 882 4273 Turba
899 4209 1336 4272 columbarum
1357 4230 1494 4293 quae
1521 4232 1635 4273 sua
1659 4219 1832 4273 tecta
1856 4214 2037 4295 petit.

588 4311 642 4375 Ο
684 4322 958 4395 quantus
983 4314 1193 4376 subito
1211 4313 1426 4397 fragor
1446 4314 1621 4377 illinc
1648 4324 1823 4378 ortus
1849 4316 2137 4390 habetur,

2137 4438 2185 4483 D

2388 614 2471 676 29
