3192 5050
790 626 1008 673 GEsrrA
1050 625 1396 673 WILLELMJ
1436 624 1639 672 DUCIS
1678 624 2220 672 NORMANNORUM.
2350 610 2465 671 109

523 769 640 829 -ubi
686 768 976 831 voluntas
1023 770 1196 830 ducis
1235 789 1312 830 ea
1358 767 1597 831 firmari
1624 770 1906 850 juberet:
1950 770 2194 831 abunde
2223 759 2463 849 quoque

531 873 858 935 alimonias
901 874 1195 934 daturum
1239 869 1651 935 custodibus.'’
1731 871 1883 935 Dux
1910 875 1987 946 ei,
2026 876 2161 954 jam
2206 871 2463 933 satelliti

522 997 642 1039 ‚suo
683 984 937 1057 accepto
974 997 1087 1057 per
1137 997 1377 1050 manus,
1424 985 1570 1038 ante
1607 978 2041 1060 jusjurandum
2087 986 2288 1037 terras
2333 977 2464 1055 ejus

531 1088 944 1163 cunctumque
989 1089 1384 1163 potentatum
1421 1082 1594 1143 dedit
1646 1084 1904 1163 petenti.
1988 1080 2137 1143 Non
2182 1082 2349 1142 enim
2396 1080 2463 1139 in

531 1183 788 1266 longum
815 1187 1180 1267 sperabatur
1208 1184 1508 1249 Edwardi
1532 1187 1896 1266 aegrotantis
1921 1186 2071 1248 vita.

611 1287 876 1363 Deinde,
918 1291 1066 1370 quia
1090 1290 1358 1351 ferocem
1385 1298 1451 1350 et
1475 1291 1623 1351 novi
1657 1290 1927 1350 nominis
1952 1288 2243 1370 cupidum
2271 1289 2465 1359 novit,

531 1392 734 1471 ipsum
773 1401 838 1454 et
875 1395 992 1474 qui
1032 1401 1334 1455 venerant
1375 1414 1517 1453 cum
1555 1394 1706 1475 ipso,
1745 1396 1935 1455 armis
1980 1393 2360 1454 militaribus
2400 1400 2465 1453 et

531 1498 704 1577 equis
731 1497 1159 1559 delectissimis
1185 1497 1518 1558 instructos
1543 1517 1752 1558 secum
1779 1500 1846 1558 in
1873 1498 2107 1559 bellum
2147 1496 2465 1559 Britanni-

520 1620 673 1661 -cum
700 1600 913 1661 duxit:
954 1601 1262 1682 hospitem
1301 1609 1488 1682 atque
1523 1602 1804 1681 legatum
1842 1604 2015 1684 quasi
2058 1602 2467 1663 contuberna-

531 1701 657 1763 lem
697 1704 954 1779 habens,
1003 1712 1076 1765 ut
1118 1725 1192 1766 eo
1218 1725 1459 1785 quoque
1506 1705 1740 1767 honore
1788 1706 2053 1787 quodam
2101 1706 2219 1767 sibi
2266 1706 2467 1786 magis

530 1805 724 1867 fidum
763 1817 829 1870 et
867 1809 1204 1870 obnoxium
1244 1809 1494 1871 faceret.
1591 1808 1924 1871 Britannia
1961 1829 2229 1889 namque
2269 1808 2467 1889 praefi-
2516 1826 2519 1831 ·

532 1910 752 1972 denter
771 1912 1061 1975 adversus
1083 1911 1542 1975 Normanniam
1562 1913 1685 1973 fuit
1712 1914 1914 1974 omnis
1940 1921 2201 1974 armata.
2258 1911 2468 1993 Hujus

529 2014 804 2075 audaciae
822 2018 1108 2098 princeps
1126 2025 1263 2079 erat
1294 2016 1584 2079 Conanus
1603 2016 1841 2078 Alanni
1856 2014 2038 2077 filius.
2083 2013 2148 2077 Is
2174 2016 2238 2075 in
2259 2016 2465 2077 virum

531 2117 978 2181 ferocissimum
1025 2121 1292 2194 adultus,
1319 2141 1358 2182 a
1384 2121 1588 2181 tutela
1626 2122 1734 2181 diu
1775 2121 2044 2182 tolerata
2066 2119 2246 2192 liber,
2285 2127 2468 2200 capto

532 2218 794 2283 Eudone
813 2232 1035 2303 patruo
1063 2244 1191 2296 suo,
1223 2218 1410 2304 atque
1436 2222 1700 2285 vinculis
1725 2223 2209 2304 ergastularibus
2234 2223 2468 2284 manci-

531 2333 700 2405 pat0,
726 2328 1076 2407 provinciae,
1104 2347 1290 2408 quam
1317 2328 1480 2390 dono
1499 2335 1762 2407 paterno
1786 2328 2044 2407 accepit,
2069 2346 2303 2407 magna
2326 2347 2467 2387 cum

531 2429 909 2492 truculentia
933 2432 1243 2492 dominari
1269 2432 1472 2513 coepit.
1552 2429 1843 2493 'Paternae
1864 2432 2087 2493 dehinc
2114 2430 2469 2492 rebellionis

531 2542 882 2608 renovator,
931 2533 1338 2596 Normanniae
1377 2535 1593 2609 hostis,
1642 2556 1767 2597 non
1819 2535 2017 2609 miles,
2071 2555 2202 2596 esse
2246 2534 2466 2596 voluit.

530 2636 842 2700 Dominus
867 2647 1080 2701 autem
1100 2642 1233 2720 ejus
1258 2641 1517 2721 antiquo
1537 2643 1698 2721 jure,
1720 2641 1903 2702 sicuti
1935 2639 2003 2702 N
2002 2660 2467 2714 ormannorum,

532 2741 912 2818 willelmus,
931 2744 1257 2806 castellum
1289 2746 1454 2826 quod
1479 2746 1681 2806 sancti
1700 2743 1743 2806 J
1746 2745 1926 2807 acobi
1947 2744 2329 2827 appellatum
2350 2752 2463 2818 est,

529 2849 782 2910 interim
801 2850 1090 2929 opposuit
1117 2851 1185 2910 in
1205 2849 1492 2923 confinio,
1520 2870 1599 2911 ne
1633 2849 1904 2912 famelici
1929 2850 2248 2928 praedones
2274 2849 2465 2911 eccle-

529 2954 634 3015 siis
659 2955 1022 3027 inermibuS,
1059 2961 1170 3016 aut
1195 2953 1423 3016 ultimo
1447 2962 1635 3017 terrae
1678 2973 1802 3016 suae
1846 2954 2055 3036 vulgo,
2082 2955 2460 3016 excursioni-

528 3057 644 3118 bus
668 3057 1184 3119 latrocinantibus
1209 3066 1521 3120 nocerent.
1604 3057 1783 3120 Emit
1807 3077 2077 3138 namque
2105 3056 2244 3119 Rex
2272 3055 2469 3119 Fran-

530 3181 743 3222 corum
771 3161 1048 3224 Karolus
1064 3181 1282 3241 pacem
1309 3170 1496 3243 atque
1523 3162 1871 3222 amicitiam
1898 3181 1939 3223 a
1959 3160 2242 3234 Rollone‚
2261 3162 2465 3240 primo

530 3265 687 3326 >duce
742 3262 1272 3339 Normannorum‚
1325 3286 1398 3326 ac
1451 3265 1866 3343 posteriorum
1918 3274 2196 3343 parente,
2249 3274 2466 3326 natam

532 3388 707 3430 suam
737 3366 976 3430 Gislam
997 3370 1064 3428 in
1087 3369 1581 3440 matrimonium,
1610 3375 1676 3428 et
1705 3367 2103 3429 Britanniam
2131 3371 2197 3429 in
2224 3371 2465 3431 serviti-

530 3493 638 3533 um
656 3479 1043 3551 perpetuum,
1063 3472 1123 3532 ei
1141 3471 1412 3533 tradens.
1493 3469 1927 3532 Exoraverant
1952 3472 2019 3531 id
2045 3471 2239 3534 foedus
2266 3471 2465 3533 Fran-

533 3579 609 3652 ci,
653 3595 778 3638 non
824 3574 1104 3637 valentes
1129 3574 1396 3655 amplius
1423 3576 1709 3636 resistere
1738 3573 1981 3638 Gallico
2022 3597 2165 3637 ense
2208 3575 2467 3638 Danicae

531 3681 748 3743 securi.
829 3678 1174 3741 Annalium
1191 3680 1434 3760 paginae
1451 3686 1847 3740 attestantur.
1927 3676 2172 3740 Exinde
2193 3678 2467 3741 Comites

535 3785 888 3846 Britannici
926 3804 960 3845 e
979 3786 1134 3864 jugo
1184 3781 1627 3845 Normamiicae
1669 3783 2113 3844 dominationis
2158 3785 2462 3846 cervicem

461 3970 466 3974 ·
531 3891 788 3952 omnino
820 3887 1055 3949 solvere
1097 3907 1417 3968 nunquam
1462 3887 1815 3959 valuerunt,
1868 3887 1987 3948 etsi
2029 3885 2347 3949 multoties
2398 3888 2466 3948 id

532 3995 741 4056 conati
766 3999 904 4053 tota
942 3993 1008 4053 vi
1049 3992 1442 4053 obluctandO.
1525 3991 1768 4052 Alanus
1794 3998 1860 4052 et
1889 3989 2195 4065 OonanuS,
2232 4001 2466 4072 quanto

535 4097 940 4160 Normanniae
951 4095 1247 4158 Rectores
1256 4097 1795 4176 consanguinitate
1810 4098 2061 4175 propius
2070 4099 2467 4178 attingebant

532 4210 715 4264 tanto.
738 4202 1152 4282 gloriantibus
1178 4202 1404 4262 animis
1421 4208 1639 4262 contra
1666 4221 1769 4262 eos
1788 4201 2077 4263 elatiores
2096 4204 2462 4266 existebant.

545 4306 786 4369 Conani
829 4308 894 4368 in
922 4314 1171 4368 tantum
1194 4309 1326 4387 jam
1370 4306 1691 4366 temeritas
1718 4307 1931 4379 crevit,
1960 4315 2031 4368 ut
2057 4328 2178 4388 quo
2214 4308 2314 4368 dic
2344 4319 2466 4369 ter-
