3192 5050
857 598 1078 647 GEsTA
1119 598 1469 649 WILLELm
1508 596 1714 647 muns
1754 598 2299 647 NORMANNORUM.
2427 583 2547 646 143

588 743 857 825 strepitu
896 756 1172 825 accepto,
1195 763 1333 805 rem
1373 743 1692 805 sinistram
1728 742 2042 817 arbitrati,
2072 761 2264 824 prope
2302 742 2548 805 civitati

589 847 1018 928 imprudentia
1056 846 1380 910 flammam
1420 848 1788 929 injecerunt.
1890 846 2005 909 Sic.
2032 846 2300 909 electum
2340 865 2549 909 conse-

587 950 790 1012 cravit
814 951 986 1012 idem
1011 950 1531 1033 Archiepiscopus
1555 971 1729 1032 aeque
1754 958 1974 1013 sancta
1997 950 2133 1012 vita
2156 970 2336 1011 carus
2362 957 2428 1011 et
2453 951 2549 1010 in-

585 1053 824 1117 violata
859 1054 1051 1130 fama,
1102 1056 1402 1138 imposuit
1451 1056 1514 1118 ei
1559 1056 1805 1137 regium
1853 1054 2163 1128 diadema,
2219 1055 2546 1136 ipsumque

588 1156 792 1239 Regio
831 1158 1006 1234 soli0,
1047 1158 1299 1222 favente
1341 1158 1685 1222 multorum
1712 1159 2047 1241 praesentia
2090 1156 2438 1220 Praesulum
2480 1164 2548 1219 et

588 1260 934 1338 Abbatum‚
979 1264 1048 1324 in
1093 1262 1366 1327 Basilica.
1409 1264 1612 1327 sancti
1639 1262 1816 1326 Petri
1844 1262 2153 1345 Apostoli,
2179 1283 2316 1344 quae
2352 1260 2547 1345 Regis

589 1364 886 1429 Edwardi
909 1368 1236 1451 sepulchro
1269 1369 1607 1451 gaudebat,
1638 1368 1707 1431 in
1738 1375 2133 1431 sacrosancta
2166 1366 2543 1430 solennitate

586 1468 910 1533 Dominici
946 1470 1221 1547 Natalis,
1261 1472 1614 1548 millesimo,
1655 1474 2061 1555 sexagesimO,
2100 1479 2295 1546 sexto,
2333 1470 2548 1533 Incar-

583 1576 860 1638 nationis
896 1574 1246 1639 Dominicae
1285 1597 1470 1640 anno·
1551 1576 1935 1660 Repudiavit
1982 1577 2151 1638 enim
2199 1576 2545 1637 consecrari

586 1698 628 1741 a
674 1677 981 1763 Stigando
1023 1679 1482 1755 Cautum-iensi,
1530 1702 1718 1763 quem
1763 1700 1875 1763 per
1921 1679 2269 1763 Apostolici
2305 1682 2545 1762 justum

586 1783 791 1847 zelum
843 1785 1249 1847 anathemate
1303 1786 1707 1867 reprobatum
1754 1785 2078 1847 didicerat.
2158 1782 2297 1847 Nec
2338 1784 2547 1845 minus

584 1888 860 1969 insignia
889 1886 1140 1969 Regum
1172 1888 1514 1950 decuerunt
1543 1908 1875 1972 personam
1911 1891 2063 1969 ejus,
2100 1908 2289 1969 quam
2324 1888 2407 1949 ad
2448 1908 2544 1950 re-

582 1992 796 2070 gimen
823 1992 1061 2054 idoneae
1087 1993 1434 2053 extiterunt
1458 1993 1727 2054 virtutes
1752 1994 1903 2073 ejus.
1986 1990 2177 2074 cujus
2222 1991 2408 2053 liberi
2448 1999 2545 2053 at-

583 2116 702 2177 que
729 2104 985 2177 nepotes
1002 2099 1176 2178 justa
1189 2097 1567 2159 successione
1587 2096 2009 2177 praesidebunt
2024 2094 2311 2177 Anglicae
2334 2104 2540 2171 terrae,

581 2218 771 2280 quam
797 2207 865 2261 et
890 2200 1273 2263 hereditaria
1310 2200 1703 2281 delegatione
1744 2201 2150 2263 sacramentis
2190 2199 2543 2282 Anglorum

581 2303 852 2379 firmata,
879 2313 946 2367 et
964 2308 1106 2387 jure
1131 2305 1284 2367 belli
1308 2306 1441 2387 ipse
1466 2304 1776 2387 possedit:
1827 2312 2158 2368 coronatus
2180 2304 2299 2366 tali
2324 2325 2545 2367 eorun-

580 2409 725 2470 dem
767 2430 1086 2484 consensu,
1129 2409 1232 2473 vel
1270 2410 1482 2492 potius
1523 2410 1811 2491 appetitu
1852 2410 2128 2492 ejusdem
2170 2410 2379 2491 gentis
2406 2408 2544 2471 Pri-

580 2521 845 2577 matum.
925 2512 1033 2589 Et,
1073 2515 1129 2577 si
1166 2516 1332 2578 ratio
1373 2514 1697 2596 sanguinis
1742 2514 2037 2597 poscitur,
2072 2521 2403 2597 pernotum
2450 2522 2546 2576 est

583 2637 772 2698 quam
799 2619 1087 2700 proxima
1112 2620 1657 2701 consanguinitate
1702 2617 1944 2701 Regem
1971 2617 2353 2682 Edwardum
2395 2619 2545 2681 atti-

577 2723 746 2802 gerit
771 2721 938 2785 filius
965 2721 1162 2786 Ducis
1189 2722 1517 2798 Rodberti‚
1543 2725 1719 2805 cujus
1753 2725 1955 2787 amita
1978 2721 2285 2786 Richardi
2315 2721 2546 2786 Secun-

579 2827 648 2888 di
674 2848 866 2903 soror,
893 2827 1028 2891 filia
1052 2830 1263 2911 primi,
1290 2827 1540 2904 Emma‚
1567 2831 1848 2912 genitrix
1872 2829 1997 2891 fuit
2022 2827 2339 2894 Edwardi.

661 2930 814 2994 Post
858 2932 1240 2996 celebratam
1285 2934 1767 3008 ordinationem,
1812 2954 1939 2996 non
1987 2932 2086 3014 (ut
2130 2933 2384 2996 solitum
2428 2943 2545 3010 est,

580 3044 720 3117 post
734 3037 1042 3100 honorum
1059 3045 1418 3118 augmenta,
1435 3036 1619 3118 fieri,)
1637 3038 1952 3099 remissius
1967 3034 2311 3098 laudabilia
2322 3057 2541 3118 gerere

583 3142 790 3222 coepit,
837 3141 947 3204 sed
972 3162 1137 3204 novo
1162 3141 1651 3222 admirandoque
1679 3141 1899 3202 ardore
1926 3140 2009 3201 ad
2034 3140 2326 3220 honestos
2350 3148 2416 3202 et
2447 3142 2542 3201 in-

580 3253 800 3325 gentes
840 3253 1018 3308 actus
1058 3246 1420 3307 accenditur
1455 3245 1857 3326 dignissimus
1884 3241 2060 3305 Rex:
2103 3243 2269 3324 quod
2292 3263 2539 3319 nomen,

579 3351 782 3431 posito
808 3349 1005 3412 Ducis
1029 3351 1302 3424 nomine,
1329 3350 1531 3411 libens
1573 3357 1857 3430 acceptat
1898 3347 2075 3410 stilus
2117 3355 2346 3410 noster.
2431 3346 2540 3412 Se·-

577 3454 891 3516 cularibus
902 3475 1176 3540 namque
1193 3475 1266 3517 ac
1286 3455 1516 3517 divinis
1529 3473 1785 3536 operam
1802 3451 2205 3534 impendebat
2220 3459 2538 3514 strenuam

579 3561 892 3642 utrisque3
960 3561 1044 3622 ad
1094 3561 1419 3623 servitium
1465 3567 1680 3620 tamen
1728 3556 1923 3638 Regis
1966 3556 2249 3618 omnium
2289 3552 2539 3637 Regum

577 3683 686 3725 cor
721 3665 1084 3746 propensius
1121 3665 1430 3727 habebat:
1475 3662 1715 3746 Quippe
1756 3662 1859 3723 cui
1898 3680 2039 3722 suos
2075 3667 2404 3742 provectus
2442 3681 2539 3722 re-

581 3770 867 3850 putabat,
893 3778 1115 3832 contra
1153 3791 1338 3852 quem
1379 3769 1665 3852 potentia
1702 3773 1814 3829 aut
1847 3766 1985 3829 vita
2016 3764 2334 3826 neminem
2371 3785 2539 3827 mor-

578 3874 803 3936 talium
830 3876 1021 3956 potiri
1048 3875 1156 3937 diu
1183 3896 1357 3957 posse
1385 3874 1656 3936 sciebat:
1714 3892 1755 3933 a
1795 3891 1916 3952 quo
1958 3869 2227 3951 gloriam
2253 3869 2536 3932 intermi-

576 3979 873 4055 nabilem,
900 3981 1011 4042 ubi
1037 3981 1449 4062 temporalem
1476 3977 1708 4051 finiret,
1754 3975 2143 4057 expectabat.
2226 3974 2305 4036 In
2349 3975 2535 4057 hujus

575 4104 726 4164 ergo
781 4084 1190 4166 Imperatoris
1229 4084 1405 4164 quasi
1457 4083 1769 4143 tributum
1808 4080 1985 4161 large
2024 4081 2327 4161 erogavit,
2368 4080 2536 4162 quod

578 4185 850 4250 Heraldi
896 4188 1090 4270 Regis
1131 4189 1420 4250 aerarium
1449 4206 1635 4248 avare
1679 4185 1949 4247 inclusit.
2033 4182 2242 4246 Terrae
2284 4184 2379 4245 illi
2422 4205 2535 4246 sua

575 4293 908 4357 fertilitate
925 4295 1151 4378 opimae
1169 4294 1520 4356 uberiorem
1542 4290 1927 4372 opulentiam
1956 4297 2345 4371 comportare
2365 4288 2535 4352 soliti
