3192 5050
696 626 814 689 164
1023 642 1236 689 semp.
1277 640 1520 689 lunum
1557 640 1750 687 ensr.
1792 627 2145 689 wamma
2183 640 2231 687 1.
2270 667 2277 675 -

691 789 904 869 giosus
927 784 1271 869 Episcopus
1309 783 1696 847 Waltelmus
1731 783 2073 847 Ricardum
2102 784 2485 867 Burgundiae
2510 783 2644 847 Du-

693 912 854 964 cem,
893 898 962 952 et
983 887 1260 952 Ebusum
1289 886 1602 951 Comitem
1622 886 2077 951 Pictavicnsem
2104 889 2173 949 in
2198 887 2432 951 auxilio
2458 888 2644 952 advo—

695 1014 863 1069 canS,
887 994 1170 1055 tunicam
1193 993 1396 1055 beatoe
1415 991 1644 1059 Mariae
1667 994 1735 1053 in
1754 992 2047 1055 manibus
2062 992 2285 1066 ferens,
2312 991 2642 1056 Rollonem

693 1100 960 1182 fugavit,
1016 1098 1340 1161 civitatem
1380 1096 1697 1171 liberavit,
1735 1118 1843 1161 sex
1882 1096 2089 1159 msslia.
2132 1096 2642 1161 Normannorum

695 1205 1040 1269 interemit.

772 1309 965 1373 Anno
989 1308 1127 1371 903.
1170 1307 1419 1371 Bellum
1473 1310 1640 1369 inter
1696 1305 2053 1369 conradum
2106 1314 2173 1369 et
2225 1306 2641 1373 Adalbertum

697 1414 1035 1489 Francos,
1017 1435 1084 1475 m
1113 1434 1236 1497 quo
1264 1411 1585 1476 Conradus
1617 1412 1863 1475 cecidit.

773 1519 964 1581 Anno
991 1517 1126 1580 911
1169 1514 1539 1591 LudovicuS,
1577 1515 1749 1577 filius
1785 1513 2057 1590 Arnulfi,
2094 1516 2251 1579 obit.

771 1624 964 1687 Anno
988 1622 1128 1685 913.
1174 1620 1533 1704 Baptizavit
1578 1620 1827 1683 Franco
1871 1620 2390 1703 Archiepiscopus
2432 1576 2643 1683 Rone-

692 1749 858 1790 nem.
939 1724 1144 1789 Facta.
1163 1733 1259 1789 est
1299 1745 1422 1807 pax
1465 1725 1633 1787 inter
1659 1723 1973 1787 Karolum
1998 1732 2065 1787 et
2098 1723 2450 1788 Rollonem.
2516 1722 2644 1787 De-

691 1832 909 1914 ditque
953 1831 1014 1892 ei
1058 1828 1335 1893 Kal-olus
1360 1828 1560 1891 filiam
1601 1848 1779 1891 suam
1809 1827 2070 1903 Gislam,
2108 1828 2188 1891 de
2234 1848 2361 1909 qua.
2396 1826 2641 1889 nullum

693 1937 896 1999 filium
922 1934 1165 1997 habuit.
1247 1932 1399 1996 Post
1425 1934 1667 2014 accepit
1694 1930 1953 2013 Popam,
1980 1930 2179 1994 filiam
2209 1930 2475 1997 Comitis
2504 1930 2643 2013 Syl-

691 2040 1100 2112 vanectensis‚
1126 2038 1208 2100 de
1230 2058 1355 2119 qua
1377 2038 1601 2119 genuit
1620 2035 2041 2099 Willelmum.

772 2145 964 2207 Anno
987 2142 1125 2205 915.
1167 2141 1430 2204 Relatus
1470 2148 1564 2203 est
1611 2148 1860 2202 sanctus
1895 2138 2235 2203 Audoe'nus
2258 2141 2337 2203 de
2373 2138 2645 2203 Francia

692 2253 759 2313 in
789 2248 1272 2313 Normanniam.

772 2354 966 2418 Anno
988 2353 1128 2427 917,
1171 2350 1349 2414 Obiit
1377 2349 1581 2425 Bono,
1622 2350 1911 2411 suecessit
1936 2346 2320 2411 WillelmuS.

769 2460 964 2525 Anno
989 2457 1126 2523 927.
1209 2455 1386 2520 Obiit
1426 2454 1709 2518 Karnine
1731 2452 1871 2517 Rex
1897 2450 2305 2519 Francorum.
2390 2452 2643 2519 Succes-

693 2567 777 2628 sit
804 2562 1177 2627 LudovicuS.

771 2667 963 2732 Anno
990 2665 1128 2730 935.
1168 2662 1458 2728 Firmata
1497 2673 1594 2727 est
1632 2683 1756 2746 pax
1794 2664 1961 2726 inter
1986 2661 2228 2744 Regem
2257 2662 2641 2727 Francorum

693 2771 1101 2843 Ludovicum,
1141 2777 1207 2830 et
1249 2767 1492 2850 Regem
1539 2767 1897 2830 Teutonum
1943 2766 2315 2830 Henricum.
2396 2767 2477 2830 In
2519 2789 2643 2850 quo
2750 2765 2757 2775 ’

693 2875 930 2958 placito
953 2873 1082 2934 fuit
1103 2870 1470 2935 Willelmus
1496 2870 1649 2934 Dux
1669 2870 2203 2948 Normannorum,
2244 2881 2311 2934 et
2337 2871 2646 2935 Ricardus

691 2978 842 3042 Dux
869 2975 1408 3058 Burgundionum.
1446 2973 1813 3038 Willelmus
1837 2975 2083 3038 rediens
2108 2975 2311 3038 filium
2337 2975 2641 3040 Ludovici

691 3082 1066 3146 Lotharium
1092 3081 1170 3141 de
1189 3079 1363 3141 fonte
1388 3078 1643 3141 levavit.

771 3186 962 3249 Anno
980 3184 1119 3247 938.
1161 3182 1521 3265 Baptizavit
1563 3181 1901 3256 Henricus,
1938 3184 2364 3246 sanctissimus
2407 3183 2639 3246 Praesul

696 3290 1054 3355 Baiocensis
1077 3287 1392 3361 Ecclesiae‚
1405 3287 1683 3370 primum
1703 3286 2067 3362 Ricardum,
2085 3285 2401 3349 willelmi
2419 3286 2640 3349 filium.

773 3394 963 3456 Anno
989 3391 1124 3455 942.
1170 3390 1492 3454 Occiditur
1532 3389 1900 3452 Willelmus
1954 3388 2122 3453 filius
2162 3389 2451 3454 Bononia
2494 3407 2639 3454 XVI.

695 3498 846 3561 Kal.
901 3495 943 3560 J
947 3497 1212 3559 aunarii.
1295 3494 1586 3558 Succedit
1641 3493 1949 3558 Ricardus
1998 3502 2198 3558 vetuS.
2278 3493 2431 3558 Hoc·
2475 3515 2643 3558 anno

692 3603 911 3665 eodem
937 3600 1061 3661 fuit
1080 3598 1428 3662 Herluinus
1446 3599 1831 3661 interfectus,

772 3705 963 3768 Anno
987 3702 1126 3766 950.
1171 3701 1327 3766 Otto
1351 3702 1490 3765 Rex
1514 3704 1827 3784 ingressus
1846 3701 2106 3765 Italiam
2126 3703 2246 3764 sibi
2264 3703 2641 3785 subjugavit.

773 3809 963 3872 Anno
987 3806 1127 3870 956.
1168 3805 1519 3881 LiudquuS,
1563 3805 1815 3869 ottonis
1849 3804 2044 3888 Regis
2086 3804 2269 3879 filine,
2308 3807 2643 3888 subjugata

693 3913 813 3974 sibi
841 3910 1052 3986 Italia„
1091 3911 1326 3972 ibidem
1358 3910 1538 3972 obiit.

774 4013 964 4078 Anno
987 4013 1126 4077 961.
1172 4012 1325 4077 Otto
1342 4034 1499 4096 puer
1517 4014 1584 4074 in
1606 4011 1849 4096 Regem
1869 4012 2153 4077 elevatur
2170 4015 2238 4076 in
2260 4014 2641 4097 Aquisgrani

695 4118 950 4202 palatio.
1033 4118 1189 4182 Otto
1213 4140 1290 4180 ex
1317 4117 1494 4200 Rege
1518 4118 1596 4180 fit
1636 4117 2009 4202 Imperator.

775 4222 965 4288 Anno
991 4221 1126 4287 972.
1172 4221 1328 4285 Otto
1348 4220 1705 4304 Imperator
1727 4223 1885 4285 obit.

774 4327 964 4391 Anno
990 4325 1126 4388 986.
1167 4324 1508 4389 Lotharius
1535 4325 1678 4389 Rex
1693 4323 2098 4390 Francorum.
