3192 5050
709 581 790 644 38
1093 599 1307 646 semp,
1350 599 1594 646 mmm
1634 599 1825 648 ensr.
1868 601 2221 650 wunnnm
2264 604 2310 650 1.

865 740 1025 803 Haec
1052 741 1192 804 loca
1217 743 1590 824 praeripiunt
1624 742 1861 807 Martis
1886 745 1971 806 ad
1995 744 2294 808 officium.

787 843 1024 907 Nescia
1046 867 1202 929 gens
1227 846 1379 909 beHi
1405 847 1717 910 solamina.
1742 848 1983 930 spernit
2004 869 2331 930 equorum,

863 949 1129 1014 Viribus
1153 960 1220 1014 et
1244 951 1444 1014 fidens
1469 953 1669 1014 haeret
1694 953 1891 1015 humo
1915 953 2198 1035 pedibuS,

781 1051 874 1116 Et
892 1054 1080 1117 decus
1099 1076 1230 1118 esse
1256 1057 1420 1118 mori
1446 1074 1766 1118 summum
1794 1057 2099 1138 dijudicat
2126 1057 2340 1131 armis,

865 1155 1000 1220 Sub
1013 1162 1172 1241 juga.
1194 1180 1276 1221 ne
1302 1159 1492 1222 tellus
1515 1168 1801 1222 transeat
1826 1159 2104 1222 alteriue.

779 1261 1089 1325 Ascendit
1112 1271 1396 1326 montem
1425 1285 1537 1325 rex
1563 1264 1917 1328 bellaturus
1931 1264 2000 1324 in
2021 1264 2289 1337 hostem,

861 1365 1324 1450 Nobilibusque
1349 1369 1506 1430 viris
1529 1369 1743 1430 munit
1766 1376 2107 1448 utrumque
2134 1366 2339 1440 latus;

782 1468 862 1531 In
882 1491 1128 1533 summo
1153 1473 1390 1534 montis
1413 1471 1719 1534 vexillum
1744 1472 1983 1534 vertice
2011 1469 2171 1544 fixit,

859 1573 1182 1656 Affigique
1197 1576 1384 1656 jubet
1409 1583 1641 1638 caetera
1662 1577 1848 1657 signa
1872 1576 2015 1638 sibi.

782 1675 1016 1740 Omnes
1043 1679 1428 1740 descendunt
1453 1687 1522 1740 et
1545 1699 1739 1760 equos
1763 1687 1907 1761 post
1932 1687 2117 1760 terga
2142 1678 2487 1761 relinqunt,

857 1780 1175 1863 Affixique
1194 1780 1344 1856 sole,
1372 1781 1544 1844 bella
1567 1784 1733 1844 ciere
1759 1783 1949 1844 tubis.

777 1883 927 1947 Dux
943 1886 1202 1948 humilis
1222 1884 1695 1968 Dominamque
1710 1887 1947 1950 timens
1970 1887 2403 1950 moderantius
2428 1906 2661 1968 agmen

855 1987 1056 2052 Ducit
1081 1998 1148 2052 et
1174 1990 1478 2052 audacter
1501 1991 1705 2052 ardua
1726 1991 1965 2052 montis
1988 1990 2145 2052 adit.

775 2092 1010 2156 Praelia
1032 2094 1380 2175 percurrit:
1422 2100 1459 2128 ‘⁶
1480 2091 1755 2168 Pedites,
1781 2094 2041 2156 miscete
2067 2095 2352 2175 sagittis:

855 2197 1196 2281 Quadratis
1213 2198 1442 2279 jaculis
1460 2207 1643 2260 scuta.
1663 2198 1831 2260 nihil
1856 2195 2159 2260 faciunt.'’

772 2300 1112 2364 Festinant
1136 2322 1389 2384 parmas
1415 2301 1655 2382 galeati
1674 2304 1943 2382 jungere
1970 2303 2243 2384 parmis:

850 2404 1100 2467 Erectis
1123 2405 1324 2467 hastis
1349 2405 1548 2466 hostis
1574 2413 1837 2486 uterque
1864 2405 2043 2466 furit.
2296 2397 2301 2401 ’

770 2505 869 2571 Ut
895 2509 1156 2571 canibus
1181 2508 1447 2571 lassatus
1473 2530 1626 2590 aper
1650 2517 1825 2571 stans
1849 2509 2039 2571 dente
2057 2516 2293 2584 tuetur,

850 2610 1097 2693 Oreque
1122 2632 1414 2693 spumoso
1439 2612 1646 2692 rejicit
1670 2632 1851 2673 arma
1868 2614 2025 2693 pati,
2432 2694 2437 2701 ί

769 2714 920 2778 Non
949 2715 1195 2776 hostem
1216 2714 1448 2775 metuit
1471 2734 1588 2773 nec
1614 2713 1746 2775 tela
1771 2716 2087 2777 minantia
2112 2723 2383 2779 mortem
2404 2738 2421 2790 ;

853 2815 961 2880 Sic
984 2817 1162 2899 plebs
1187 2816 1556 2897 Angligena
1575 2816 1841 2879 dimicat
1867 2818 2185 2898 inpavida..

771 2923 1046 2997 Interea,
1073 2921 1266 2985 dubio
1293 2920 1570 3002 pendent
1595 2920 1747 2981 dum
1776 2921 2001 3001 proelia
2024 2930 2249 2997 marte,

847 3027 1110 3090 Eminet
1135 3035 1204 3089 et
1225 3026 1374 3088 telis
1397 3026 1623 3087 mortis
1650 3044 1871 3087 amasa
1896 3025 2051 3099 lues,

767 3132 1041 3205 Histrio,
1066 3151 1178 3192 cor
1199 3130 1409 3191 audax
1435 3129 1709 3191 nimium
1736 3148 1923 3211 quem
1944 3130 2348 3209 nobilitabat,

849 3235 1136 3319 Agmina.
1157 3234 1514 3315 praecedens
1537 3234 1943 3297 innumerosa
1968 3236 2163 3310 ducis,

766 3341 1090 3405 Hortatur
1116 3336 1331 3399 Gallos
1355 3337 1566 3400 verbis
1592 3344 1661 3399 et
1686 3338 1942 3399 territat
1969 3337 2234 3421 Anglos,

846 3445 999 3510 Alte
1027 3441 1361 3525 projiciens
1379 3439 1549 3503 ludit
1573 3448 1641 3501 et
1666 3460 1813 3503 ense
1840 3462 1971 3503 suo.

767 3549 1124 3633 Anglorum
1151 3544 1412 3626 quidam
1435 3564 1582 3605 cum
1610 3544 1689 3605 de
1714 3552 1817 3607 tot
1844 3544 2102 3609 milibus
2130 3568 2328 3611 unum

845 3654 1202 3718 Ludent'em
1227 3648 1446 3731 gladio
1467 3648 1671 3709 cernit
1699 3648 1877 3711 abire
1902 3652 2142 3731 procul,

764 3758 1028 3825 Milieiae
1053 3754 1259 3819 cordis
1283 3760 1492 3815 tantus
1517 3751 1765 3815 fervore
1792 3752 2063 3828 decenti,

840 3860 1079 3923 Vivere
1104 3866 1500 3939 postponens,
1525 3854 1775 3936 prosilit
1802 3856 1895 3919 ire
1923 3860 2107 3921 mori.

762 3959 1186 4031 Incisor-ferri
1201 3960 1438 4021 mimus
1461 3959 1839 4039 cognomine
1866 3960 2091 4035 dictus,

842 4065 941 4130 Ut
966 4064 1176 4125 fuerat
1201 4070 1440 4143 captus,
1467 4062 1697 4144 pungit
1716 4082 1947 4143 equum
1976 4065 2290 4143 stimuum

765 4169 1142 4252 Angligenae
1169 4172 1418 4227 scutum
1446 4164 1578 4227 telo
1594 4164 1943 4227 transfudit
1970 4177 2193 4231 acuto:

842 4272 1115 4354 Corpore
1142 4275 1460 4351 prostrato
1487 4268 1737 4331 distulit
1757 4289 1905 4331 ense
1931 4280 2140 4351 caput.
