3192 5050
657 575 742 639 96
1061 592 1274 641 semp.
1315 592 1560 641 RERUM
1601 592 1791 641 essr.
1834 592 2187 643 WILLELMI
2229 592 2277 641 1.

663 736 1141 817 conspirationis
1192 736 1638 800 rebellantium
1680 738 2029 820 occultique
2074 738 2263 801 fiiisse
2313 736 2630 818 adjutores

661 839 980 917 opinabile
1001 848 1159 902 erat.
1201 839 1741 915 Malevolentiam,
1764 862 1888 923 qua
1905 842 2057 903 olim
2077 848 2301 903 contra
2317 839 2628 901 infantem

664 941 916 1005 fuerant
966 944 1197 1018 inflati,
1264 945 1542 1008 nondum
1594 966 1929 1008 evomuere
1978 954 2203 1008 totam.
2296 942 2539 1005 Eorum
2592 959 2630 1001 e

663 1046 977 1108 consortio
1001 1045 1396 1110 Guimundus
1420 1049 1758 1129 praesidens
1782 1049 2141 1123 munitioni,
2170 1066 2359 1129 quam
2380 1043 2629 1109 Molen-

665 1150 848 1212 dinas
889 1151 1230 1233 appellant,
1274 1154 1342 1214 in
1387 1172 1614 1215 manus
1656 1153 1823 1234 regis
1857 1172 2000 1213 eam
2044 1152 2237 1213 dedit.
2322 1147 2633 1230 Imposita

666 1261 763 1315 est
829 1256 1008 1335 regia
1072 1256 1310 1318 cohors.
1399 1255 1607 1319 Guido
1672 1255 1872 1333 frater
1920 1253 2187 1321 Comitis
2240 1250 2633 1315 Pictavensis

665 1356 1005 1431 Willelmi,
1043 1366 1232 1440 atque
1269 1358 1574 1422 Romanae
1604 1358 2051 1441 Imperatricis,
2094 1365 2161 1419 et
2202 1376 2346 1419 cum
2390 1376 2465 1417 eo
2505 1354 2630 1418 viri

665 1460 974 1523 militares
1000 1468 1191 1543 atque
1225 1462 1516 1524 illustres.
1597 1462 1842 1524 Verum
1878 1470 1945 1524 et
1989 1463 2057 1535 ii,
2104 1468 2171 1524 et
2212 1460 2431 1541 quiqui
2472 1457 2631 1520 alias

665 1563 873 1624 relicti
919 1572 1065 1625 sunt
1112 1584 1152 1626 a
1198 1563 1478 1639 Francis,
1527 1585 1670 1628 cum
1718 1566 1963 1627 deditas
2007 1584 2137 1627 csse
2182 1564 2631 1643 comperissent

667 1668 1023 1730 Archarum
1058 1668 1352 1742 latebraS,
1389 1689 1520 1731 sese
1547 1669 1778 1729 nostris
1804 1668 1958 1749 fuga
1982 1668 2178 1729 furati
2212 1674 2377 1729 sunt.
2462 1663 2527 1726 N
2530 1685 2629 1727 or—

665 1774 887 1835 manni
933 1779 1167 1846 autem,
1212 1772 1515 1853 puniendi
1556 1772 1697 1852 lege
1739 1758 2229 1853 transfugarum,
2274 1770 2403 1833 levi
2446 1789 2633 1851 poena

667 1885 781 1940 aut
805 1875 983 1937 nulla
1007 1876 1264 1937 domino
1303 1894 1415 1937 suo
1453 1874 1843 1936 reconciliati
1874 1882 2060 1936 sunt:
2114 1875 2242 1937 rati
2266 1874 2473 1936 nullas
2492 1876 2627 1955 jam

663 1998 812 2061 opes
837 1978 940 2041 vel
966 1979 1232 2040 astutias
1257 1986 1478 2039 contra
1497 1998 1645 2039 eum
1670 1976 1803 2039 fore
1830 1975 2127 2039 efficaces·

745 2082 1207 2145 Vehementius
1266 2090 1406 2164 post
1457 2082 1591 2144 haec
1656 2083 1723 2143 in
1775 2081 2246 2144 aemulationem
2313 2084 2629 2156 exardere,

664 2208 948 2269 novoque
1000 2188 1243 2249 moveri
1305 2187 1584 2248 tumultu
1654 2185 1929 2248 Francia
1979 2186 2185 2267 coepit.
2307 2185 2633 2269 Principes

662 2292 958 2365 universI,
1001 2311 1146 2352 cum
1181 2310 1349 2372 rege,
1393 2288 1768 2353 Normanno
1793 2290 2063 2372 principi
2098 2310 2177 2352 ex
2202 2280 2474 2353 inimicis
2492 2294 2629 2373 jam

662 2396 1100 2457 inimicissimi.
1185 2394 1392 2456 Anxie
1420 2396 1710 2457 tumebat
1746 2396 1815 2455 in
1846 2414 2066 2457 eorum
2105 2394 2431 2458 malevolis
2456 2416 2632 2457 men-

629 2504 637 2511 '
661 2502 834 2562 tibus
858 2498 1086 2562 vulnus
1121 2499 1429 2580 praecipue
1457 2499 1763 2574 invidum,
1790 2500 1957 2582 quod
1995 2507 2282 2562 recenter
2306 2500 2630 2576 sauciavit,

662 2624 832 2666 mors
882 2601 1253 2682 Ingelranni
1299 2601 1585 2677 Comitis,
1629 2610 1695 2664 et
1736 2603 1803 2663 in
1848 2604 2070 2666 eodem
2111 2603 2411 2665 conflictu
2435 2605 2631 2666 inter-

661 2714 1037 2786 emptorum.
1119 2704 1364 2766 Acerbe
1401 2705 1847 2767 inflammabat
1890 2725 1997 2772 eos
2021 2708 2331 2768 memoria
2369 2715 2631 2771 eventus

659 2810 1151 2888 Andegavorum
1171 2809 1420 2870 comitis
1443 2807 1765 2880 Gaufredi,
1787 2808 2028 2888 depulsi
2050 2809 2288 2869 dudum
2309 2808 2630 2872 Willehni

660 2912 896 2993 clypeo,
938 2910 1212 2992 qualiter
1245 2911 1753 2984 memoravimuS,
1795 2911 2187 2992 aliorumque
2230 2932 2356 2973 non
2399 2915 2632 2976 modici

661 3015 911 3076 numeri
964 3014 1508 3086 detrimentorum,
1574 3021 1765 3094 atque
1817 3015 2191 3076 dedecorum
2244 3015 2631 3080 inflictorum

661 3119 754 3180 eis
806 3118 1044 3180 virtute
1094 3115 1549 3190 Normannica,
1618 3115 2011 3196 (Inimicitiae
2057 3138 2275 3180 causas
2320 3121 2632 3182 veraciter

663 3219 1118 3304 explanamus‚)
1159 3239 1234 3282 ac
1261 3218 1534 3300 pleniter
1567 3240 1682 3282 rex
1706 3223 2031 3304 aegerrime
2058 3222 2322 3297 ferebat,
2364 3232 2431 3286 et
2456 3225 2632 3286 velut

663 3323 1112 3388 contumeliam
1159 3343 1337 3386 suam
1382 3322 1737 3388 diffiniebat
1778 3346 1967 3407 quam
2013 3327 2290 3388 maxime
2333 3327 2632 3390 ulciscen-

666 3430 836 3504 dam,
864 3449 1007 3490 cum
1036 3427 1497 3509 Imperatorem
1517 3427 1898 3504 Romanum,
1926 3429 2075 3512 (quo
2094 3435 2297 3512 majus
2316 3433 2632 3513 potentiae,

665 3536 798 3598 sive
846 3533 1199 3614 dignitatis,
1238 3552 1468 3593 nomen
1512 3533 1579 3593 in
1626 3533 1777 3595 orbe
1812 3541 2129 3596 terrarum
2156 3533 2331 3596 aliud
2356 3555 2483 3597 non
2510 3534 2632 3615 est)

665 3637 941 3698 amicum
969 3641 1037 3696 et
1062 3635 1300 3697 socium
1326 3634 1612 3709 haberet,
1653 3637 1992 3717 provinciis
2017 3636 2237 3698 multis
2272 3638 2633 3718 praesideret

665 3739 1049 3821 potentibus,
1062 3758 1330 3819 quarum
1340 3740 1599 3814 domini,
1610 3748 1722 3802 aut
1734 3740 2280 3814 rectores,militiae
2292 3761 2417 3802 suae
2426 3749 2632 3802 essent

667 3841 1045 3916 administri,
1077 3841 1375 3903 comitem
1406 3840 1811 3905 Willelmum
1844 3864 2026 3904 suum
2059 3864 2175 3905 nec
2208 3845 2484 3906 amicum
2517 3865 2632 3906 nec

663 3947 957 4018 militem,
969 3945 1079 4006 sed
1089 3944 1335 4006 hostem
1351 3965 1482 4006 esse
1492 3945 2081 4020 3—-Normanniam,
2095 3967 2233 4028 quae
2249 3948 2367 4008 sub
2380 3949 2633 4028 regibus

663 4049 1054 4112 Francorum
1074 4048 1209 4128 egit
1229 4069 1307 4110 ex
1327 4049 1607 4131 antiquo,
1635 4070 1827 4132 prope
1855 4051 1921 4111 in
1944 4071 2210 4132 regnum
2230 4058 2514 4113 evectam
2534 4071 2633 4124 3—-

663 4152 1072 4236 Superiorum
1099 4153 1232 4232 ejus
1273 4154 1575 4216 comitum
1621 4155 2006 4235 (quanquam
2034 4155 2235 4216 ardua
2260 4153 2632 4234 valuerint,)
