3192 5050
633 570 782 641 160,
989 585 1201 632 scmr.
1241 582 1483 630 RERUM
1521 583 1711 631 GEsT.
1753 582 2101 631 w1LLELM1
2142 584 2190 630 1.

634 729 755 795 sibi
806 728 1026 791 eodem
1072 727 1352 791 delatum
1397 735 1496 790 est
1531 726 1724 789 militi
1768 728 2066 789 restituit.
2185 726 2383 809 Hugo
2430 724 2585 789 Lin-

632 833 948 914 goniensis
988 832 1326 914 episcopus,
1366 830 1871 912 Hierosolymam
1913 833 2132 905 iturus,
2173 831 2255 893 ad
2289 839 2583 913 expeten-

632 936 783 997 dum
810 937 927 999 viae
953 936 1294 997 subsidium
1331 936 1597 997 eundem
1633 956 1847 1017 regem
1873 936 2051 1010 adiit,
2091 935 2270 1016 eique
2298 934 2475 1015 quasi
2500 934 2585 995 ad

632 1040 955 1101 decentem
997 1041 1272 1122 gratiam
1315 1040 1671 1121 hujusmodi
1708 1039 2147 1102 salutationem
2184 1038 2585 1122 praesentavit

709 1150 745 1177 ‘⁶
779 1142 850 1206 Si
870 1146 1008 1226 quis
1026 1146 1094 1205 in
1121 1152 1268 1206 ante
1294 1144 1487 1219 videt,
1529 1146 1637 1226 qui
1662 1152 1727 1206 te
1753 1144 2191 1225 circumspicit,
2226 1164 2305 1205 ex
2328 1151 2395 1205 te

799 1246 1076 1330 Colligit,
1103 1257 1250 1310 ante
1276 1268 1500 1322 comes,
1540 1269 1653 1309 rex
1676 1248 1881 1322 mod0,
1924 1245 2131 1309 Caesar
2153 1248 2294 1309 eris.

637 1352 788 1434 Quae
832 1353 988 1427 laus,
1026 1354 1370 1416 multorum
1417 1353 1632 1417 favore
1677 1353 1958 1434 exposita
2009 1360 2076 1414 et
2127 1351 2585 1425 commendata,

637 1477 828 1538 quum
880 1456 1212 1538 placuisset
1237 1460 1418 1540 regi,
1476 1458 1738 1539 longum
1791 1465 1885 1517 est
1925 1456 2263 1517 memorari
2316 1464 2467 1537 quot
2519 1464 2585 1516 et

635 1561 886 1641 quantis
904 1560 1082 1623 donis
1097 1562 1451 1643 episcopum
1470 1562 1891 1624 honoraverit.
1959 1559 2139 1622 Idem
2157 1559 2373 1640 Hugo,
2393 1579 2585 1640 quum

636 1684 896 1745 puerum
909 1665 1219 1745 quendam
1236 1666 1582 1727 ordinasset
1597 1666 1990 1738 exorcistam,
1999 1662 2196 1746 Hugo
2206 1662 2585 1745 Lugdunen-

636 1767 722 1828 sis
761 1767 1255 1849 archiepiscopus
1292 1775 1358 1829 et
1405 1766 1707 1830 Romanae
1745 1767 2016 1830 ecclesiae
2048 1767 2296 1849 legatus
2321 1766 2585 1828 eandem

636 1870 1095 1932 ordinationem
1122 1872 1312 1933 nimis
1345 1872 1678 1935 indiscrete
1713 1873 1960 1933 irritam
1979 1871 2307 1953 judicavit,
2346 1870 2587 1951 ipsique

635 1996 829 2055 puero
871 1983 1155 2057 acceptos
1196 1976 1382 2037 simul
1422 1976 1655 2059 gradus
1706 1997 1819 2039 sua
1863 1978 2257 2039 ordinatione
2310 1976 2587 2037 iteravit.

639 2077 828 2141 Hanc
873 2080 1170 2160 injuriam
1217 2082 1314 2141 sui
1367 2082 1688 2163 episcopus
1730 2082 2009 2143 mordaci
2056 2084 2199 2163 joco
2224 2080 2495 2143 removit
2520 2089 2587 2143 et

634 2183 990 2265 hujusmodi
1009 2184 1167 2245 sales
1193 2185 1653 2267 archiepiscopo
1673 2186 1740 2245 in
1767 2185 1994 2247 faciem
2022 2186 2273 2265 rejecit:

797 2285 869 2349 Si
893 2295 1134 2351 veteres
1159 2307 1459 2351 renovare
1477 2288 1712 2369 gradus
1729 2296 1802 2350 ut
1827 2290 2109 2350 carmina
2126 2289 2340 2363 nostis,

793 2389 984 2453 Unde
1010 2411 1187 2452 reum
1213 2412 1316 2453 me
1344 2392 1602 2473 quisque
1627 2414 1803 2455 meus
1828 2393 2194 2475 praejudicat
2208 2392 2424 2467 hostis,

788 2493 833 2559 J
835 2515 938 2558 am
964 2496 1147 2559 video
1173 2497 1322 2577 quia
1346 2496 1642 2578 quicquid
1666 2517 1805 2580 ago,
1831 2504 2109 2560 muttare
2133 2490 2413 2580 potestis,

799 2599 924 2661 Sed
950 2600 1110 2674 dole,
1139 2602 1287 2682 quia
1311 2621 1437 2662 non
1464 2601 1645 2664 valeo
1670 2602 1772 2665 vel
1797 2623 1975 2664 nosse
2002 2603 2168 2684 quod
2193 2603 2360 2664 estis.

798 2701 869 2764 Si
887 2703 1103 2785 priscae
1133 2705 1386 2785 pietatis
1411 2724 1588 2766 amor
1612 2726 1723 2768 vos
1748 2706 2135 2780 detinuisset,

793 2807 884 2870 Et
901 2828 1169 2882 servum,
1209 2809 1316 2889 qui
1340 2817 1547 2870 vester
1570 2829 1763 2884 eram,
1802 2831 1929 2873 non
1955 2813 2341 2887 deseruisset,

795 2910 921 2973 Pro
940 2931 1151 2993 puer0,
1190 2911 1339 2974 licet
1364 2913 1613 2987 eximi0,
1652 2934 1779 2975 non
1800 2923 1961 2977 esset
1986 2917 2319 2998 agendum.

799 3014 1170 3077 Pontificem
1196 3017 1331 3078 sine
1349 3017 1700 3097 judicio‘sic
1726 3018 2190 3081 destituendum

798 3119 964 3201 Quid
987 3119 1196 3194 latuit,
1236 3140 1373 3201 quae
1398 3141 1582 3183 causa
1607 3121 1729 3184 fuit
1750 3121 1775 3186 3
1814 3123 1937 3186 fuit
1963 3125 2137 3186 utilis
2161 3127 2314 3187 ordo

798 3221 922 3285 Per
939 3244 1042 3285 me
1069 3225 1177 3305 qui
1202 3233 1478 3305 quartus,
1517 3246 1631 3307 per
1654 3247 1765 3290 vos
1789 3228 1914 3289 fuit
1938 3229 2005 3289 in
2033 3229 2417 3293 decachordo

796 3325 839 3389 J
842 3348 948 3389 am
962 3328 1275 3389 decimare
1290 3329 1456 3410 quod
1470 3338 1566 3391 est
1581 3332 1815 3412 poterit
1832 3332 2225 3414 multumque
2240 3335 2509 3416 benigne

791 3431 956 3495 ¹'I'res
979 3435 1213 3513 poterit
1238 3442 1488 3516 patrare
1514 3436 1745 3516 gradus
1770 3446 1837 3498 et
1860 3436 2123 3519 psallere
2150 3439 2357 3521 digne.

642 3537 1010 3600 Britannico
1035 3539 1285 3600 cuidam
1312 3539 1536 3602 clerico
1558 3539 1957 3617 Marbodoni,
1984 3563 2175 3624 quum
2201 3546 2591 3607 recumberet

642 3642 724 3704 ad
748 3642 1080 3724 prandium
1133 3640 1451 3703 Willelmi
1495 3645 1679 3725 regis,
1732 3645 1943 3708 delata
1988 3655 2083 3708 est
2124 3647 2208 3708 ad
2248 3648 2587 3710 bibendum

643 3755 944 3829 argentea
982 3747 1179 3820 naviS,
1219 3766 1407 3827 quam
1454 3748 1606 3808 dum
1648 3751 1713 3810 in
1750 3771 1941 3812 manu
1987 3759 2249 3827 teneret,
2288 3753 2483 3816 talem
2510 3753 2591 3814 de

642 3852 754 3914 illa
777 3873 1023 3914 versum
1051 3852 1230 3914 dixit.

724 3955 861 4017 Nec
887 3958 1022 4037 pice
1049 3976 1163 4018 nec
1183 3956 1374 4018 clavis
1401 3965 1544 4038 eget
1569 3958 1701 4021 haec
1728 3968 2027 4042 argentea
2051 3963 2246 4024 navis.

3118 1312 3151 1363 (⁴
