3192 5050
1037 590 1250 639 scRIP.
1293 592 1537 640 RERUM
1576 591 1768 640 GEST.
1812 592 2165 641 WILLELMI
2206 594 2254 641 1.

737 734 931 797 Anno
969 734 1106 800 774.
1149 734 1428 798 Kar-olus
1469 734 1741 798 Romam
1769 738 1965 813 vadit,
2006 738 2153 798 inde
2181 757 2464 799 reversus
2507 736 2627 799 Pa.-

655 840 827 922 piam
881 841 1049 921 cepit
1101 860 1246 903 cum
1294 839 1470 921 Rege
1526 839 1876 903 Desiderio.
1988 840 2207 923 Captis
2260 842 2625 904 civitatibus

653 944 961 1005 universis
988 942 1214 1018 Italiae,
1275 944 1444 1025 apud
1487 942 2030 1025 Caesaraugustam
2093 946 2439 1007 exereitum
2480 967 2625 1008 con-

647 1047 880 1127 junxit,
917 1054 983 1108 et
1029 1048 1300 1129 acceptis
1325 1047 1667 1121 obsidibus,
1696 1047 2047 1129 subjugatis
2095 1048 2475 1125 sarracenis,
2511 1070 2624 1133 per

656 1150 726 1213 N
727 1151 1029 1213 arbonam
1049 1158 1114 1213 et
1139 1149 1572 1223 Wasconiam,
1600 1148 1938 1212 Franciam
1967 1152 2175 1214 rediit.

734 1254 918 1317 Aeno
957 1254 1096 1320 779.
1139 1253 1418 1316 Karolus
1493 1252 1934 1336 Pampilonam
1996 1257 2219 1317 urbem
2294 1257 2620 1318 destruxit.

653 1357 932 1423 Kar-olus
962 1358 1302 1421 Saxoniam
1329 1359 1523 1423 venit.

731 1462 922 1524 Anno
961 1462 1000 1527 7
1004 1461 1102 1523 80.
1149 1460 1429 1523 Karolus
1456 1460 1735 1523 Romam
1761 1462 1958 1523 vadit.

731 1566 922 1629 Anno
961 1565 1099 1630 781.
1143 1562 1420 1627 Witicin
1425 1566 1524 1646 gis
1563 1584 1707 1626 cum
1761 1566 1947 1627 sociis
1986 1566 2051 1627 in
2081 1565 2382 1628 Atiniaco
2414 1566 2621 1647 bapti-

647 1672 793 1733 zati.

729 1772 922 1835 Anno
961 1772 1099 1838 785.
1143 1771 1422 1834 Karolus
1460 1773 1739 1854 perrexit
1790 1770 2083 1847 Romam,
2125 1774 2350 1836 deinde
2390 1775 2472 1836 ad
2502 1773 2621 1837 Car-

646 1896 838 1959 puam
867 1884 932 1939 et
957 1876 1260 1947 Sanctum
1290 1875 1725 1940 Benedictum.

687 1968 692 1972 ⁵
728 1980 920 2043 Anno
960 1980 1000 2046 7
1003 1978 1098 2043 90.
1145 1978 1388 2043 Tassilo
1409 1979 1560 2042 Dux
1585 1981 1765 2043 venit
1790 1980 1858 2040 in
1878 1978 2237 2059 Franciam,
2258 1990 2325 2047 et
2343 1980 2619 2051 Bavaria

643 2094 831 2168 capta
857 2093 970 2147 est.

727 2190 918 2253 Anno
949 2189 1085 2252 800.
1130 2187 1410 2250 Karolus
1455 2186 1596 2249 Rex
1642 2188 1849 2250 factus
1896 2196 1994 2251 est
2038 2187 2417 2270 Imperator,
2469 2196 2534 2251 et
2580 2210 2621 2252 a

646 2295 952 2359 Romanis
972 2294 1300 2376 Augustus
1325 2292 1697 2375 appellatus.

725 2398 918 2463 Anno
957 2398 1094 2461 804.
1138 2394 1270 2459 Leo
1289 2394 1468 2478 Papa
1493 2396 1561 2456 in
1590 2394 1933 2457 Franciam
1948 2396 2143 2469 venit,
2172 2404 2237 2458 et
2254 2396 2321 2456 in
2346 2394 2615 2459 Carisia-

645 2524 720 2566 co
745 2503 901 2566 villa
927 2510 1070 2565 cum
1095 2499 1340 2565 Karolo
1369 2498 1762 2583 Imperatore
1793 2499 2224 2563 Nativitatem
2256 2498 2493 2564 Christi
2519 2522 2616 2564 ce-

641 2607 932 2670 lebravit.

723 2711 916 2772 Anno
957 2709 1094 2772 808.
1139 2707 1469 2770 Transitus
1501 2707 1564 2770 S.
1594 2707 1901 2790 Liudgeri
1940 2705 2237 2791 Episcopi
2264 2717 2330 2771 et
2360 2707 2613 2772 Confes-

644 2815 818 2888 soriS,
849 2811 1177 2895 Capellani
1203 2813 1396 2893 ipsius
1424 2810 1672 2873 Karoli.

725 2917 917 2982 Anno
957 2917 1077 2979 810
1120 2915 1400 2978 Karolus
1435 2937 1580 2978 cum
1614 2914 1981 2998 Nicephoro
2019 2915 2412 2999 Imperatore
2450 2917 2612 2982 Gon-

643 3020 1206 3103 stantinopolitano
1231 3039 1454 3102 pacem
1481 3019 1655 3081 facit.

723 3125 916 3188 Anno
955 3124 1094 3187 814.
1137 3123 1418 3187 Karolus
1465 3122 1823 3205 Imperator
1862 3123 2018 3186 obit.
2114 3123 2385 3186 Initium
2431 3127 2612 3208 regni

643 3231 952 3294 Ludovici
979 3229 1100 3291 filii
1126 3231 1276 3310 ejus.
1360 3226 1640 3290 Karolus
1661 3226 1983 3290 Ludovieo
2010 3225 2398 3308 Aquisgrani
2426 3227 2611 3292 Palar-

639 3339 734 3399 tio
760 3355 1055 3398 coronam
1085 3331 1349 3414 Imperii
1374 3331 1692 3413 imposuit.

721 3439 914 3502 Anno
955 3437 1092 3500 824.
1133 3435 1490 3498 Ludovicus
1541 3437 1609 3496 in
1675 3432 1922 3497 Pascha
1974 3454 2015 3495 a
2078 3431 2371 3496 Paschali
2434 3434 2610 3518 Papa

641 3541 864 3610 Romae
889 3549 1246 3614 coronatur,
1273 3547 1339 3600 et
1368 3538 1726 3621 Imperator
1751 3546 1848 3599 est
1873 3535 2242 3618 appellatus.

719 3648 911 3712 Anno
951 3647 1088 3710 831.
1131 3644 1549 3726 Reliquerunt
1578 3641 1989 3716 Ludovicum,
2034 3650 2101 3703 et
2128 3643 2453 3724 elegerunt
2480 3641 2603 3706 Lo-

639 3754 944 3815 tharium.
1027 3749 1378 3814 Redditum
1405 3756 1502 3808 est
1530 3745 1853 3808 Ludovico
1879 3765 2164 3827 regnum.

717 3857 909 3918 Anno
949 3855 1087 3918 836.
1130 3852 1334 3915 Herio
1389 3851 1599 3912 insula
1645 3849 1977 3912 translatio
2031 3851 2233 3912 sancti
2287 3849 2603 3926 Filiberti,

635 3961 885 4042 quando
904 3958 1264 4022 Normanni
1271 3962 1679 4020 vastaverunt
1700 3952 2123 4028 Britanniam,
2136 3961 2202 4015 et
2218 3954 2375 4016 alias
2384 3964 2603 4018 terras.

713 4065 905 4126 Anno
945 4063 1082 4125 840.
1125 4060 1481 4123 Ludovicus
1519 4057 1879 4140 Imperator
1904 4058 2059 4119 obit.
2144 4055 2364 4139 Drogo
2406 4059 2604 4121 frater

633 4173 767 4254 ejus
792 4167 1024 4231 detulit
1047 4187 1196 4230 eum
1215 4166 1300 4230 ad
1325 4163 1753 4248 sepeliendum
1784 4161 2365 4226 Mediomatricum.
