3192 5050
949 650 1311 698 sxcmPTA
1351 651 1440 698 DE
1483 651 1653 698 vrrA
1695 651 2068 728 ΨΠᾸΛΉΜῙτ
2435 639 2515 701 65

550 802 747 867 verat,
799 794 1148 875 fratresque
1195 814 1336 857 suos
1388 795 1672 857 uterinos
1718 794 2003 859 Odonem
2052 803 2120 857 et
2164 794 2515 858 Robertum

550 899 842 958 maximis
886 898 1373 978 possessionibus
1412 897 1884 961 sublimaverat.
1969 897 2143 962 Nam
2184 906 2515 979 postquam

554 999 972 1074 Guillielmus,
1007 1009 1425 1082 cognomento
1457 999 1901 1082 Werlengum,
1948 999 2262 1066 Moritolii
2306 1001 2517 1064 Comi-

548 1112 684 1165 tem
724 1103 929 1164 filium
973 1103 1254 1185 Magerii
1296 1104 1564 1177 comitis,
1614 1125 1728 1186 pro
1764 1105 2047 1165 minimis
2087 1105 2517 1168 occasionibus

549 1207 628 1267 de
650 1205 721 1268 N
720 1208 957 1268 eustria
973 1207 1483 1288 propulsaverat:
1527 1205 1811 1270 Roberto
1838 1206 2143 1268 Herluini
2170 1205 2305 1269 filio
2330 1207 2518 1270 fratri

548 1329 662 1370 suo
703 1307 1093 1372 Comitatum
1136 1308 1453 1372 Moritolii
1506 1309 1786 1370 dederat.
1896 1307 2217 1370 Defuncto
2271 1330 2515 1391 quoque

549 1411 828 1492 Hugone
867 1410 1196 1474 Baiocensi
1238 1412 1526 1492 episcopo
1553 1409 1813 1474 Radulfi
1856 1411 2125 1474 consulis
2170 1411 2321 1487 filio,
2362 1433 2517 1494 prae-

549 1515 789 1576 dietum
815 1513 1204 1594 presulatum
1233 1521 1619 1576 concesserat
1671 1513 1878 1576 Odoni
1924 1515 2111 1576 fratri
2158 1536 2289 1589 suo,
2329 1536 2515 1596 quem

551 1619 951 1699 postmodum
973 1618 1040 1678 in
1061 1617 1304 1698 Anglia
1317 1619 1657 1698 praeposuit
1686 1615 1931 1679 Cantiae
1951 1638 2167 1700 regne.
2224 1617 2516 1701 Denique

552 1722 718 1782 hunc
763 1741 877 1802 pro
917 1721 1250 1782 nimietate
1297 1740 1430 1793 sua,
1476 1728 1549 1781 ut
1612 1722 1895 1802 superius
1934 1720 2207 1802 pleniter
2244 1721 2515 1784 relatum

550 1832 665 1898 est,
710 1844 822 1884 rex
877 1823 1276 1886 Guillielmus
1328 1824 1395 1884 in
1441 1822 1651 1885 insula
1702 1821 1913 1884 Vecta
1962 1826 2166 1904 cepit3
2249 1833 2519 1906 quatuor

552 1928 735 1989 annis
753 1929 820 1987 in
846 1946 1095 1988 carcere
1121 1927 1363 1988 tenuit:
1411 1945 1527 1986 nec
1554 1926 1751 1988 etiam
1779 1927 1846 1986 in
1874 1934 2079 1988 morte
2105 1947 2221 2008 pro
2247 1927 2517 1988 insolen-

551 2032 647 2091 tia
671 2050 786 2091 sua
810 2029 1096 2091 relaxare
1121 2029 1341 2092 voluit.
1424 2027 1617 2090 Unde
1636 2029 1919 2109 prefatus
1949 2028 2265 2092 Moritolii
2293 2029 2519 2094 Comes

553 2133 893 2194 admodum
940 2133 1266 2205 moerebat,
1331 2139 1401 2193 et
1453 2151 1570 2212 pro
1619 2129 1819 2192 fratre
1872 2153 1985 2194 suo
2026 2153 2139 2213 per
2186 2153 2251 2194 se
2298 2141 2365 2196 et
2406 2155 2520 2216 per

552 2237 786 2298 amicos
799 2255 941 2296 suos
957 2233 1323 2316 suppliciter
1332 2231 1780 2313 interpellabat
1793 2235 2201 2316 precibusque
2214 2234 2519 2317 languen-

551 2347 685 2400 tem
711 2338 1044 2418 fatigabat.
2048 2349 2053 2356 “

637 2440 919 2523 Cumque
946 2439 1134 2502 multi
1153 2440 1382 2502 obnixe
1399 2433 1523 2520 'pro
1553 2438 1885 2502 Baiocensi
1911 2441 2172 2521 praesule
2200 2451 2518 2522 rogarent,

553 2554 876 2607 tantorum
923 2544 1374 2625 supplicatione
1418 2543 1724 2625 fatigatus
1761 2565 1873 2606 rex
1918 2546 2049 2607 ait:
2106 2545 2315 2608 Miror
2352 2548 2520 2628 quod

553 2649 895 2730 prudenter
919 2667 1046 2708 non
1075 2647 1412 2727 indagatis,
1454 2648 1594 2727 quis
1620 2647 1722 2709 vel
1749 2647 1951 2729 qualis
1977 2655 2075 2711 est
2102 2650 2219 2722 vir,
2253 2670 2370 2730 pro
2395 2670 2528 2730 quo-

552 2752 934 2830 supplicatis.
1037 2748 1269 2811 Nonne
1305 2770 1420 2830 pro
1461 2750 1581 2812 tali
1628 2751 1764 2813 viro
1800 2752 2038 2830 petitis,
2085 2752 2194 2832 qui
2232 2755 2371 2833 jam
2409 2753 2519 2813 diu

553 2863 949 2934 contemptor
973 2855 1189 2915 extitit
1215 2854 1555 2935 religionis,
1597 2862 1665 2915 et
1704 2862 1967 2936 argutus
2006 2856 2294 2917 incentor
2332 2856 2519 2919 lethi-

554 2958 703 3020 ferae
755 2958 1097 3020 seditionis.
1231 2956 1461 3020 Nonne
1512 2957 1683 3019 hunc
1723 2961 1859 3039 jam
1934 2960 2179 3020 coercui
2250 2968 2523 3040 quatuor

555 3063 738 3123 annis
780 3062 1155 3140 episcopum,
1219 3063 1326 3141 qui
1370 3061 1676 3123 debuerat
1722 3081 1853 3123 esse
1891 3064 2272 3142 justissimus
2315 3072 2522 3125 rector

557 3164 932 3244 Anglorum,
971 3173 1038 3226 et
1062 3164 1266 3226 factus
1301 3172 1398 3245 est
1437 3166 1741 3244 pessimus
1780 3184 2107 3244 oppressor
2145 3166 2518 3245 populorum

557 3277 624 3330 et
674 3268 1125 3331 monachilium
1180 3268 1533 3329 destructor
1583 3269 2030 3331 'cenobiorum3
2136 3268 2519 3331 Seditiosum

556 3371 883 3433 liberando
907 3370 1302 3442 malefactiis,
1322 3378 1389 3431 et
1415 3370 1877 3447 vobismetipsis
1917 3372 2141 3453 ingens
2181 3372 2520 3433 detrimen-

557 3485 696 3538 tum
724 3475 1022 3556 quaeritis.
1095 3472 1447 3535 Evidenter
1479 3481 1679 3552 patet,
1724 3474 1890 3553 quod
1928 3472 2063 3537 Odo
2104 3474 2305 3535 frater
2345 3495 2522 3537 meus

556 3579 714 3641 levis
760 3585 856 3639 est
901 3585 968 3638 et
1015 3577 1385 3638 ambitiosus
1429 3578 1637 3638 carnis
1683 3576 1993 3639 inhaerens
2044 3577 2386 3651 desideriis,
2455 3586 2521 3639 et

557 3683 878 3743 immensis
903 3680 1401 3753 crudelitatibuS,
1426 3689 1493 3742 et
1518 3702 1841 3762 nunquam
1858 3683 2213 3744 mutabitur
2234 3702 2275 3743 a
2290 3681 2525 3743 lenoci-

557 3785 680 3846 niis
713 3792 782 3845 et
815 3785 1020 3847 noxiis
1059 3785 1465 3847 vanitatibus.
1574 3783 1721 3846 Hoc
1762 3787 2085 3864 perspicue
2126 3787 2193 3845 in
2235 3785 2523 3864 pluribus

559 3896 852 3967 expertus
893 3907 1050 3949 sum.
1135 3886 1412 3968 Ideoque
1463 3889 1811 3949 constrinxi
1850 3908 1977 3950 non
2017 3890 2371 3951 antistitem
2410 3892 2521 3952 sed

558 4000 930 4072 tyrannum3
949 3992 1184 4072 absque
1202 3991 1394 4053 dubio
1419 3993 1473 4053 si
1499 3993 1790 4065 evaserit,
1814 4000 2019 4055 totam
2040 3995 2363 4075 regionem
2388 4002 2528 4055 tur—

559 4096 756 4167 babit,
823 4102 891 4156 et
955 4094 1176 4155 multis
1241 4094 1522 4156 millibus
1587 4096 1931 4173 perniciem
1999 4098 2524 4160 subministrabit.

561 4198 720 4263 Haec
743 4220 872 4263 non
893 4220 971 4262 ex
997 4200 1160 4274 odio,
1181 4208 1254 4261 ut
1281 4201 1496 4274 nostiS,
1524 4199 1808 4279 profero:
1863 4200 1973 4263 sed
1992 4209 2065 4263 ut
2090 4209 2273 4282 pater
2299 4202 2525 4281 patriae
