3192 5050
649 568 725 632 10
1050 585 1262 632 solur.
1293 584 1537 632 numm
1565 586 1756 634 GEsr.
1788 587 2140 634 WILLELMI
2171 587 2216 632 1.

645 746 778 790 esse
808 724 1256 802 Lanfrancum‚
1303 727 1492 791 idest
1517 728 1828 791 ferentem
1851 749 1983 792 ¹.cor
2007 728 2277 810 largum,
2320 746 2397 788 00
2439 724 2611 806 'quod

648 831 862 912 largus
887 838 954 892 et
979 832 1180 893 bonus
1199 851 1352 912 erga
1376 852 1596 894 omnes
1622 833 1909 895 homines
1934 832 2077 893 fuit.
2160 829 2260 892 De
2288 849 2435 910 rege
2461 848 2613 890 vero

651 933 989 997 Willelmo
1005 943 1072 996 et
1097 932 1458 998 Lanfranco
1476 937 1972 1018 Archiepiscopo
1987 935 2285 996 dicebant
2298 933 2489 994 multi
2504 932 2617 1013 qui

651 1045 804 1099 tunc
858 1045 1065 1112 erant,
1113 1039 1281 1119 quod
1332 1039 1494 1100 tales
1533 1040 1660 1100 duo
1713 1039 1901 1100 simul
1955 1039 2022 1099 in
2078 1057 2208 1099 una
2260 1045 2435 1098 terra
2486 1053 2615 1096 non

654 1141 1108 1214 invenirentur,
1137 1141 1352 1221 quales
1367 1149 1574 1203 essent
1602 1162 1714 1202 rex
1740 1141 2110 1203 Willelmus
2136 1148 2203 1202 et
2224 1138 2616 1202 Lanfrancus

653 1263 799 1304 suus
815 1243 1357 1325 Archiepiscopus.
1445 1242 1572 1305 Sed
1583 1251 1659 1304 ut
1663 1246 1799 1324 jam
1815 1243 1893 1305 de
1902 1243 2262 1306 Lanfranco
2271 1242 2613 1314 dimittam,

655 1355 722 1408 et
749 1349 832 1409 ad
857 1367 935 1408 ea
962 1367 1099 1428 quae
1119 1347 1196 1408 de
1216 1349 1384 1410 bono
1409 1367 1558 1428 rege
1580 1345 1917 1409 Willelmo
1934 1347 2094 1428 coepi
2113 1346 2387 1407 redeam.
2472 1342 2611 1405 Rex

654 1450 1026 1512 Willelmus
1069 1458 1144 1511 ut
1184 1451 1285 1512 vir
1331 1451 1874 1531 prudentissimus,
1921 1449 2393 1531 Dominumque
2432 1446 2618 1509 valde

657 1575 896 1629 amans,
925 1555 993 1614 in
1032 1555 1326 1616 omnibus
1353 1573 1490 1634 quae
1515 1562 1583 1615 et
1630 1555 1974 1615 secundum
2022 1552 2373 1616 Dominum
2412 1559 2479 1614 et
2525 1571 2617 1612 se-

657 1658 933 1720 cundum
987 1656 1266 1718 seculum
1321 1675 1508 1737 agere
1556 1657 1947 1737 disponebat,
2021 1657 2307 1718 divinum
2374 1673 2621 1735 semper

613 1755 616 1760 ’
657 1760 964 1823 auxilium
992 1759 1372 1841 requirebat,
1417 1779 1757 1840 omnesque
1784 1779 1938 1840 quos
1980 1760 2177 1822 bonos
2202 1767 2270 1820 et
2298 1758 2623 1840 religiosos

657 1863 1076 1944 intelligebat,
1103 1883 1231 1924 non
1273 1883 1499 1944 parum
1543 1882 1793 1944 semper
1818 1863 2164 1948 diligebat:
2208 1882 2361 1944 quos
2405 1871 2619 1924 autem

658 1987 851 2048 prave
905 1986 1094 2048 agere
1147 1964 1250 2028 vel
1303 1965 1578 2046 turpiter
1622 1966 1853 2038 vivere,
1908 1965 2032 2026 nisi
2086 1984 2127 2027 a
2178 1965 2443 2026 malitiis
2492 1965 2621 2026 suis

659 2071 1112 2152 resipiscerent,
1141 2076 1208 2130 et
1234 2068 1633 2130 honestatem
1680 2067 2041 2150 diligerent,
2083 2069 2279 2130 etiam
2306 2069 2385 2130 de
2426 2087 2623 2150 regno

659 2195 771 2236 suo
791 2169 1166 2255 expellebat.

741 2277 870 2340 Sed
885 2278 1181 2359 quicquid
1196 2277 1444 2340 fecisset
1465 2277 1543 2339 de
1563 2277 1706 2339 aliis
1725 2275 2257 2351 malefactoribus,
2278 2275 2627 2349 haereticos,

659 2389 726 2443 et
753 2401 906 2462 quos
931 2401 1265 2462 exsurgere
1309 2381 1570 2442 videbat
1612 2387 1835 2442 contra
1875 2401 2058 2442 usum
2086 2388 2153 2441 et
2177 2380 2622 2442 auctoritatem

659 2493 892 2548 sanctae
915 2483 1206 2557 ecclesiae,
1233 2484 1493 2547 omnino
1527 2483 1909 2546 destruebat.
1961 2483 2117 2565 Ejus
2143 2485 2313 2545 enim
2340 2491 2623 2565 tempore

660 2587 920 2670 expulsa
945 2595 1040 2649 est
1066 2587 1146 2648 de
1175 2586 1579 2649 Normannia
1604 2588 1857 2649 haeresis
1888 2588 2263 2669 Berengarii
2281 2607 2418 2668 quae
2444 2606 2623 2668 quos-

661 2693 808 2754 dam
861 2690 1119 2752 clericos
1164 2688 1615 2763 maculaverat,
1662 2692 1951 2751 conantis
1996 2690 2243 2752 auferre
2285 2692 2624 2753 veritatem

661 2794 938 2875 corporis
963 2800 1030 2853 et
1077 2792 1400 2872 sanguinis
1440 2790 1724 2853 Domini.
1812 2790 1940 2854 Sed
1959 2794 2099 2873 quis
2142 2801 2351 2875 posset
2391 2792 2623 2854 referre

661 2897 765 2961 vel
791 2897 1061 2959 scribere
1088 2895 1303 2957 omnia
1341 2894 1511 2955 bona
1535 2914 1673 2975 quse
1698 2896 1900 2957 bonus
1936 2917 2048 2957 rex
2073 2895 2443 2958 Willelmus
2472 2896 2626 2959 fecit

661 3018 1038 3079 omnemque
1065 2996 1517 3058 exaltationem
1565 3006 1798 3059 sanctae
1838 2999 2129 3074 ecclesiae,
2151 3021 2287 3080 quse
2324 3001 2627 3081 quamdiu

661 3103 770 3165 ille
796 3102 960 3165 vixit
979 3102 1046 3161 in
1068 3119 1266 3181 regno
1291 3101 1427 3179 ejus
1453 3099 1749 3163 duravitz
1809 3100 2118 3184 Quicquid
2136 3123 2287 3166 vero
2311 3104 2531 3166 fuisset
2558 3104 2625 3164 in

663 3209 806 3271 aliis
831 3206 1062 3286 regnis,
1089 3205 1156 3264 in
1183 3223 1381 3284 regno
1407 3205 1542 3284 ejus
1571 3223 1819 3285 semper
1835 3226 1961 3287 pax
1986 3207 2129 3281 fuit,
2155 3227 2271 3268 nec
2298 3215 2438 3269 erat
2462 3207 2627 3269 ullus

661 3319 800 3375 tam
845 3308 1030 3371 fortis
1073 3305 1176 3370 vel
1217 3313 1458 3388 potens,
1515 3306 1623 3386 qui
1666 3327 1905 3387 pacem,
1952 3328 2141 3390 quam
2181 3310 2249 3370 in
2302 3317 2477 3372 terra
2514 3330 2629 3372 sua

663 3420 977 3497 posuerat,
1021 3409 1284 3472 auderet
1336 3407 1703 3489 infringere,
1749 3411 1871 3484 vel,
1920 3412 1973 3486 si
2020 3412 2397 3494 infregisset,
2444 3414 2512 3474 in
2552 3433 2631 3476 ea

663 3536 1010 3583 remanere.
1091 3512 1295 3574 Nulla
1313 3512 1485 3572 enim
1513 3512 1644 3573 alia
1661 3514 2015 3595 redemptio
2041 3515 2119 3577 de
2146 3515 2258 3578 illo
2287 3536 2418 3579 esse
2452 3524 2629 3599 pote-

665 3628 786 3691 rat,
833 3620 942 3701 qui
983 3636 1203 3699 pacem
1246 3614 1349 3678 vel
1401 3615 1673 3676 treviam
1717 3624 1901 3677 terrae
1941 3617 2113 3679 illius
2151 3619 2467 3694 violasset,
2504 3621 2630 3682 nisi

667 3731 741 3785 ut
799 3722 948 3782 inde
999 3720 1219 3780 exiret.
1330 3714 1769 3797 Quamdiuque
1824 3720 2038 3801 itaque
2090 3722 2271 3796 vixit,
2326 3742 2509 3785 carus
2563 3732 2631 3785 et

669 3824 962 3891 amabilis
1014 3822 1306 3884 omnibus
1351 3820 1534 3881 bonis
1573 3820 1717 3881 fuit.
1819 3820 2009 3885 Vixit
2048 3832 2262 3886 autem
2297 3833 2630 3907 postquam

665 3948 962 3993 coronam
1006 3924 1190 4005 regni
1217 3922 1470 4003 Angliae
1507 3924 1779 4004 suscepit
1804 3926 2037 4006 viginti
2064 3934 2131 3987 et
2171 3948 2370 3989 unum
2412 3948 2629 3993 annos.

672 4033 914 4115 Quibus
939 4027 1222 4109 expletiS,
1257 4032 1629 4106 praesentem
1656 4026 1857 4088 vitam
1885 4026 2095 4091 finivit
2120 4030 2185 4090 in
2230 4029 2632 4096 Normannia

664 4136 840 4219 apud
866 4132 1294 4211 Rotomagnm
1348 4135 1574 4206 quarto
1632 4126 1729 4189 Id.
1776 4128 2183 4210 Septembris.
2266 4134 2629 4217 Antequam

3156 2740 3173 2819 μιῇ
