3192 5050
857 590 1077 642 essu
1119 593 1468 641 WILLELMI
1510 593 1717 640 Du01s
1756 591 2307 641 NORMANNORUM.
2488 574 2568 640 79
2646 571 2655 579 “

597 739 693 798 tui
741 746 1119 818 tuorumque
1137 736 1621 819 perfidissimam
1648 736 2067 818 proditionem
2096 735 2401 809 admittis,
2428 755 2568 796 cru-

595 842 909 904 delissime
935 842 1295 904 homicida?
1339 841 1611 914 Moliris,
1638 843 1972 903 confecisse
2008 839 2369 923 gratulariS,
2398 840 2567 921 quod

595 947 1155 1008 remotissimarum
1211 964 1252 1007 a
1308 945 1845 1008 christianissimo
1897 947 2228 1007 nationum
2276 946 2438 1006 ritus
2489 965 2564 1006 ac

595 1047 766 1130 leges
792 1050 1206 1111 detestantur.
1292 1047 1596 1111 Alveradi
1624 1049 2076 1130 indignissimae
2100 1069 2396 1109 aerumnae
2421 1048 2564 1121 tibi,

593 1151 1074 1232 improbissim0‚
1101 1151 1426 1233 gaudium,
1443 1150 1726 1212 honestis
1741 1151 2000 1232 pariunt
2015 1150 2325 1213 lacrimas.
2366 1149 2562 1212 Dictu

593 1254 884 1334 equidem
911 1253 1073 1316 talia
1098 1263 1247 1316 sunt
1265 1253 1580 1334 lugubria.
1662 1249 2033 1316 Willelmus
2051 1273 2221 1327 vero,
2247 1253 2563 1334 gloriosis-

592 1359 786 1420 simus
813 1357 981 1432 Dux,
1023 1360 1200 1439 cujus
1225 1369 1372 1419 acta
1395 1365 1731 1420 venturam
1770 1366 2024 1420 aetatem
2050 1358 2269 1419 divina
2291 1356 2561 1439 opitula-

591 1463 764 1524 tione
791 1463 941 1523 freti
966 1462 1357 1536 docebimus,¹
1381 1461 1631 1523 vindice
1658 1462 1872 1544 gladio
1898 1462 2084 1524 feriet
2104 1461 2396 1544 jugulum
2424 1460 2561 1523 He-

592 1565 774 1639 raldi,
814 1573 942 1628 tuae
989 1563 1220 1627 sobolis
1246 1563 1621 1626 crudelitate
1674 1564 2059 1648 perfidiaque
2084 1564 2559 1626 consimillimae.

593 1668 834 1732 Fundis
859 1670 1208 1732 traditione
1255 1677 1370 1730 tua
1395 1668 1784 1730 immeritum
1825 1670 2198 1750 sanguinem
2241 1668 2307 1730 N
2308 1689 2561 1731 orman-

589 1793 854 1834 norum:
896 1773 1199 1834 fundetur
1241 1774 1497 1854 sanguis
1539 1781 1794 1835 tuorum
1822 1773 1962 1855 pari
1994 1774 2131 1835 vice
2178 1772 2346 1834 ferro
2391 1770 2560 1834 Nor-

589 1896 986 1959 mannorum.
1028 1875 1248 1938 Libuit
1268 1876 1686 1937 inhumanum
1703 1875 1901 1937 scelus
1918 1875 2040 1936 hoc
2056 1885 2358 1956 perpetuo
2374 1874 2559 1937 silen-

587 1979 682 2040 tio
707 1979 1003 2058 sepelire:
1045 1979 1155 2040 sed
1194 1979 1262 2039 in
1303 1979 1711 2040 historiarum
1752 1979 1912 2040 serie
1953 1998 2052 2040 res
2078 1998 2323 2059 quoque
2347 1979 2559 2040 minus

588 2080 898 2164 pulchras,
925 2102 1070 2142 cum
1106 2083 1454 2143 necessario
1499 2081 1807 2154 incidunt,
1848 2101 1975 2142 non
2017 2100 2060 2142 a
2102 2080 2328 2141 charta
2358 2101 2557 2142 semo-

589 2185 822 2247 vendas
846 2193 1160 2266 putamus,
1189 2193 1262 2247 ut
1287 2185 1371 2246 ab
1397 2185 1757 2247 imitatione
1793 2183 1947 2244 faeti
1973 2184 2363 2245 semovendae
2390 2191 2558 2245 sunt.

670 2287 990 2349 Heraldus
1016 2307 1144 2349 non
1171 2287 1375 2349 multo
1401 2294 1544 2369 post
1568 2287 1853 2359 decessit,
1881 2286 1983 2347 cui
2009 2285 2209 2347 frater
2229 2284 2557 2347 Hardeca-

587 2400 777 2453 nutus
804 2411 883 2452 ex
899 2390 1150 2464 Emma,
1179 2389 1477 2452 Edwardi
1503 2399 1729 2463 matre,
1750 2398 1957 2463 natue,
1985 2410 2269 2452 reversus
2286 2410 2328 2450 a
2354 2388 2555 2451 Dani-

587 2495 871 2558 marchia
911 2495 1221 2557 successit.
1305 2493 1436 2557 Hic
1481 2494 1701 2577 generi
1742 2501 2032 2555 materno
2078 2493 2362 2568 similior,
2404 2513 2551 2569 non,

587 2618 712 2679 qua
734 2606 917 2681 pater
943 2606 1057 2660 aut
1091 2598 1308 2673 frater,
1341 2598 1722 2661 crudelitate
1748 2597 2078 2679 regnabat,
2103 2618 2307 2679 neque
2334 2599 2554 2659 interi-

585 2712 725 2765 tum
745 2702 1063 2777 Edwardi,
1089 2704 1200 2765 sed
1214 2712 1579 2786 provectum
1600 2702 1872 2765 volebat.
1959 2700 2057 2765 Ob
2082 2703 2336 2764 morbos
2354 2705 2549 2764 etiam

588 2827 740 2888 quos
759 2807 1122 2888 frequenter
1141 2808 1523 2889 patiebatur,
1544 2807 1687 2888 plus
1716 2806 1926 2869 Deum
1951 2807 2018 2866 in
2037 2805 2235 2867 oculis
2255 2806 2551 2881 habebat,

585 2920 651 2973 et
677 2912 825 2973 vitae
844 2912 1136 2973 humanae
1152 2912 1550 2974 brevitatem.
1636 2910 1951 2974 Caeterum
1967 2911 2046 2972 de
2067 2932 2264 2993 regno
2278 2914 2413 2993 ejus
2438 2920 2551 2973 aut

583 3019 721 3077 vita
766 3015 1036 3076 scribere
1083 3014 1226 3077 aliis
1279 3015 1724 3097 relinquamuS,
1770 3036 1853 3077 ne
1900 3015 2149 3097 longius
2193 3036 2235 3077 a
2278 3016 2549 3077 materia

582 3119 904 3200 proposita
926 3118 1375 3200 digrediamur.

666 3220 891 3285 Illuxit
915 3222 1175 3284 tandem
1194 3223 1499 3303 gaudium
1520 3218 1992 3285 festivissimum
2020 3245 2262 3286 summe
2287 3225 2549 3298 cunctis,

583 3326 694 3405 qui
719 3344 938 3406 pacem
965 3334 1033 3386 et
1063 3326 1380 3405 justitiam
1408 3326 1870 3401 desiderabant,
1899 3335 2317 3408 expectatum.
2399 3326 2549 3389 Dux

581 3436 814 3501 noster,
842 3427 983 3509 plus
1007 3428 1434 3509 intelligentia
1457 3448 1671 3490 rerum
1698 3430 2125 3504 honestarum,
2152 3438 2218 3492 et
2244 3431 2310 3492 vi
2335 3450 2551 3512 corpo-

581 3534 688 3605 ris,
717 3551 906 3612 quam
926 3538 1115 3592 aetate
1142 3530 1413 3606 adultus,
1430 3553 1613 3594 arma
1631 3533 1941 3595 militaria
1959 3534 2152 3595 sumit
2170 3555 2185 3607 3
2208 3535 2316 3615 qui
2337 3553 2553 3596 rumor

583 3643 826 3697 metum
895 3633 1182 3695 Franciae
1245 3635 1475 3697 detulit
1527 3638 1722 3699 omni.
1805 3638 2025 3700 Alium
2090 3658 2218 3700 non
2271 3638 2551 3699 habebat

587 3738 816 3813 Gallia,
844 3739 954 3820 qui
977 3738 1128 3800 talis
1146 3738 1592 3820 praedicaretur
1610 3761 1797 3822 eques
1824 3749 1890 3803 et
1910 3749 2209 3803 armatus,
2294 3740 2550 3823 Specta-

583 3843 794 3905 culum
841 3850 981 3905 erat
1007 3840 1379 3904 delectabile
1421 3844 1609 3905 simul
1656 3864 1731 3907 ac
1757 3846 2062 3920 terribile,
2103 3866 2248 3907 eum
2294 3866 2549 3907 cernere

582 3946 778 4009 fraena
803 3946 1260 4020 moderantem,
1303 3966 1450 4007 ense
1477 3948 1793 4024 decorum,
1831 3949 2049 4031 clypeo
2076 3948 2445 4031 fulgentem,
2484 3958 2550 4011 et

583 4050 768 4133 galea
836 4051 1087 4132 teloque
1152 4051 1580 4114 minitantem.
1646 4048 1841 4116 'Nam
1915 4055 2013 4115 uti
2081 4055 2550 4136 pulchritudine

581 4157 926 4236 praestabat
953 4174 1146 4236 quum
1175 4154 1550 4219 indumenta
1576 4155 1891 4239 Principis
1916 4166 2196 4241 gestaret
2221 4167 2333 4219 aut
2361 4160 2551 4241 pacis,

583 4262 678 4321 ita
701 4268 962 4321 ornatus
988 4260 1097 4340 qui
1143 4267 1368 4322 contra
1393 4260 1644 4323 hostem
1672 4264 1944 4331 sumitur
1970 4284 2115 4324 eum
2143 4264 2555 4344 singulariter
