3192 5050
1197 603 1450 652 sams
1476 601 1797 652 nmmo.
2404 585 2483 651 17

517 756 873 830 eoepemnt3
915 756 982 810 et
1001 749 1092 810 sie
1129 767 1322 830 usque
1349 746 1434 811 'ad
1469 745 1800 809 eeclesiam
1838 763 2017 809 suam
2043 745 2393 826 gaudentes
2416 751 2485 806 et

519 851 878 914 exultantes
905 852 1398 934 deportaverunt
1420 897 1436 924 ,
1475 869 1558 912 ex
1581 849 1769 930 hujus
1800 849 1895 910 rei
1928 854 2159 912 eventu
2184 848 2485 908 dixerunt

519 955 773 1036 quidam
821 956 1000 1018 illam
1025 955 1316 1019 villulam
1350 955 1566 1018 vocari
1591 954 1853 1035 longum
1901 949 2186 1016 Peanum
2214 972 2289 1014 eo
2316 950 2484 1032 quod

517 1079 725 1121 eomes
749 1059 912 1120 illud
927 1068 1064 1122 tam
1090 1059 1353 1141 longum
1380 1059 1505 1120 iter
1545 1058 1735 1120 nudis
1778 1057 2045 1140 pedibus
2087 1055 2483 1138 perrexisset.

525 1159 595 1223 Si
641 1163 780 1243 quis
805 1163 926 1225 hoe
964 1162 1206 1224 fantum
1233 1181 1361 1224 non
1380 1182 1514 1224 esse
1541 1161 1795 1243 signum
1822 1179 2073 1242 mag-nne
2099 1157 2485 1221 humilitatis

519 1265 774 1339 asserit;
815 1266 895 1326 de
920 1285 997 1328 eo
1018 1265 1329 1329 veraciter
1355 1265 1483 1327 diei
1501 1273 1711 1347 potest
1736 1265 1905 1346 quod
1921 1263 2075 1345 quid
2088 1263 2177 1326 sit
2202 1263 2487 1324 maxima

518 1366 848 1430 humilitas
871 1368 1093 1430 nescit.

598 1468 916 1550 Quiddam
937 1490 1092 1534 vero
1117 1469 1296 1533 aliud
1320 1470 1556 1532 dieitur
1580 1469 1789 1531 eidem
1826 1468 2047 1532 eomiti
2076 1465 2377 1530 uncidisse
2405 1483 2483 1526 eo

519 1579 804 1654 tempore
833 1593 958 1655 quo
975 1575 1256 1656 primum
1281 1571 1654 1656 panificatus
1678 1580 1775 1635 est
1794 1591 1941 1634 eum
1968 1567 2125 1654 rege'
2159 1568 2481 1643 Franeiae3

521 1677 688 1757 quod
711 1697 838 1740 non
865 1679 1010 1741 ideo
1035 1679 1240 1741 scribo
1272 1685 1346 1741 ut
1389 1685 1599 1740 certus
1624 1677 1747 1739 sim
1781 1677 1901 1740 hoe
1926 1694 2150 1739 verum
2178 1693 2333 1748 esse,
2372 1673 2485 1736 sed

520 1781 670 1860 quia.
721 1800 764 1843 a
813 1781 1034 1844 multis
1085 1782 1305 1846 audivi
1349 1781 1469 1843 hoe
1521 1780 1784 1854 referri;
1843 1779 1955 1860 qui
1999 1779 2363 1842 asserebant.
2415 1777 2484 1838 id

517 1885 829 1946 veraciter
867 1886 1166 1948 evenisse.
1267 1883 1557 1966 Quodam
1604 1883 1709 1946 die
1752 1883 1905 1944 dum
1948 1883 2111 1946 sieut
2164 1882 2483 1955 dicebant,

516 1994 658 2048 erat
699 1986 872 2048 idem
918 2007 1126 2050 eomes
1178 1985 1544 2068 Rotomagi,
1595 1986 1681 2048 ad
1731 2005 2059 2067 vesperam
2112 1986 2308 2067 ipsius
2354 1984 2485 2045 diei

515 2088 776 2151 stabant
825 2088 1086 2171 plurimi
1128 2090 1416 2152 homines
1457 2097 1610 2152 ante
1664 2090 1885 2152 domos
1926 2108 2073 2151 suas
2116 2107 2253 2169 quae
2296 2094 2483 2150 erant

509 2193 698 2273 juxta
711 2192 919 2274 ripam
939 2189 1276 2274 Sequanae:
1303 2192 1436 2256 illie
1450 2213 1604 2256 vero
1619 2211 1815 2275 quum
1831 2199 2059 2266 essent,
2091 2191 2483 2272 eandemque

516 2315 750 2376 aquam
776 2297 1146 2378 aspicerent,
1162 2298 1460 2361 viderunt
1475 2317 1675 2358 unum
1703 2295 1981 2377 equitem
1998 2295 2270 2357 transire
2297 2315 2485 2376 super

517 2418 750 2479 aquam
779 2401 957 2481 quasi
977 2402 1101 2462 iret
1125 2421 1313 2482 super
1336 2409 1576 2462 terram
1604 2409 1673 2462 et·
1708 2418 1902 2480 usque
1938 2397 2023 2461 ad
2049 2418 2155 2460 eos
2196 2399 2484 2480 perveni·

515 2509 750 2564 entem.
831 2501 978 2565 Hae
998 2503 1198 2585 igitur
1221 2503 1302 2566 de
1325 2523 1396 2567 re
1416 2522 1545 2565 non
1571 2521 1800 2585 parum
1826 2500 2266 2584 obstupefacti,
2287 2521 2483 2583 quum

399 2605 403 2611 ’
517 2604 602 2667 ad
628 2624 734 2666 eos
759 2606 1163 2687 pervenisset,
1191 2613 1518 2687 coeperunt
1553 2605 1874 2687 inquirere
1916 2605 2001 2668 ab
2042 2626 2117 2668 eo
2146 2606 2286 2686 quis
2319 2614 2485 2668 esset

513 2714 583 2769 et
609 2707 778 2770 unde
803 2709 1112 2771 venissetz
1153 2708 1264 2771 ille
1296 2730 1450 2773 vero
1475 2710 1856 2792 respondens
1894 2715 1931 2743 “
1954 2707 2228 2783 Videtis,
2254 2709 2483 2790 inquit,

513 2810 684 2891 quod
709 2830 828 2891 ego
847 2830 1011 2873 unus
1033 2811 1226 2875 homo
1251 2832 1412 2886 sum,
1440 2820 1508 2876 et.
1542 2813 1733 2875 hodie
1758 2812 2036 2875 multum
2055 2832 2245 2875 mane
2270 2821 2483 2875 motus

512 2932 654 2974 sum
680 2913 760 2975 de
795 2912 1070 2979 Rethnis
1093 2915 1163 2977 in
1192 2913 1570 2990 Britannia3
1612 2915 1913 2979 Abrineis
1935 2935 2087 2978 vero
2120 2915 2205 2977 ad
2235 2922 2481 2977 sextam

511 3014 738 3079 horam
783 3017 1050 3091 eomedi,
1121 3018 1205 3081 ad
1268 3038 1597 3102 vesperam
1660 3026 1877 3082 autem
1934 3018 2273 3099 hueusque,
2318 3019 2482 3080 sieut

513 3119 763 3194 videtis,
787 3116 1106 3202 perveni.’'
1189 3120 1370 3184 Tune
1395 3122 1859 3185 mandaverunt
1884 3120 2123 3194 comiti,
2150 3121 2277 3201 qui,
2318 3121 2483 3183 sieut

514 3223 667 3297 dixi,
706 3230 860 3285 tune
885 3230 1026 3285 erat
1051 3223 1120 3284 in
1145 3224 1430 3301 civitate,
1465 3226 1545 3288 de
1581 3224 1695 3287 illo
1728 3225 2007 3298 homine,
2051 3224 2161 3306 qui
2191 3224 2280 3285 sic
2305 3231 2481 3285 tran-

511 3327 708 3388 sierat
750 3346 940 3408 super
990 3345 1220 3407 aquam
1295 3330 1431 3392 sine
1484 3328 1619 3391 ulla
1680 3328 1951 3391 laesione.
2050 3324 2277 3390 Comes
2329 3346 2481 3389 vero

513 3432 778 3494 audiens
795 3453 930 3495 rem
949 3438 1086 3496 tam
1106 3433 1441 3509 insuetam,
1460 3433 1793 3496 mandavit
1818 3433 1899 3506 ei,
1915 3426 2100 3517 ut2illi
2117 3430 2482 3512 loqueretur

513 3543 855 3616 antequam
881 3537 1030 3599 hine
1057 3538 1378 3601 recederet
1385 3557 1403 3611 ;
1443 3544 1599 3598 tune
1635 3535 1744 3598 ille
1782 3534 2182 3597 remandavit
2226 3533 2479 3606 eomiti3

513 3640 666 3720 quia
691 3641 760 3701 in
785 3642 1062 3705 erastino
1099 3663 1247 3705 eum
1293 3660 1488 3723 usque
1513 3640 1599 3702 ad
1630 3640 1905 3721 primam
1931 3645 2327 3721 expectaret:
2368 3636 2479 3698 ille

514 3750 733 3804 autem
775 3744 842 3804 in
883 3744 1158 3806 erastino
1200 3764 1390 3807 mane
1432 3762 1695 3824 surgens
1719 3744 1894 3805 viam
1930 3762 2110 3805 suam
2143 3741 2372 3814 tenuit,
2412 3746 2480 3801 et

511 3846 679 3907 nihil
716 3846 961 3909 loeutus
999 3855 1096 3910 est
1137 3848 1376 3910 comiti.
1460 3846 1687 3919 Comes
1710 3866 1878 3922 vero,
1918 3854 2010 3917 ut,¹
2032 3845 2279 3909 audivit
2330 3864 2477 3905 eum

513 3952 852 4026 recessisse,
878 3952 1042 4015 dixit
1065 3972 1213 4014 eum
1231 3952 1575 4014 mentitum
1603 3951 1811 4027 fuisse,
1828 3959 1894 4014 et
1919 3952 2061 4014 ideo
2087 3958 2311 4034 putare
2329 3967 2477 4010 eum

514 4054 770 4136 aliquod
809 4054 1128 4118 fantasma.
1172 4075 1334 4130 esse3
1376 4056 1486 4136 qui
1523 4056 1612 4117 sie
1654 4062 1762 4119 eos
1798 4055 2098 4120 voluisset
2142 4053 2477 4117 deludere:

511 4166 664 4222 tune
706 4160 1002 4223 dixerunt
1040 4160 1298 4242 quidam
1343 4160 1452 4240 qui
1490 4159 1848 4235 adfuerunt,
1892 4160 2058 4242 quod
2103 4179 2231 4222 non
2267 4158 2476 4239 prima
