3192 5050
691 629 808 693 174
1079 643 1290 689 senff.
1319 642 1561 689 RERUM
1587 642 1778 690 GEsT.
1813 620 2165 690 w1LLELMr
2194 643 2244 691 1.

773 789 961 851 Anno
988 787 1104 853 127
1108 787 1163 849 5.
1207 786 1494 849 Perrexit
1521 786 1661 851 Rex
1687 784 1971 849 Franciae
2000 788 2067 847 in
2096 786 2495 869 Hispaniam.

775 893 965 955 Anno
991 892 1167 957 1278.
1210 890 1364 954 Fuit
1409 912 1578 955 mors
1623 891 1837 954 valida
1890 892 1955 951 in
2006 890 2423 966 Normannia,
2468 899 2535 953 et
2588 892 2656 953 in

692 996 909 1059 multis
934 998 1234 1079 partibua

581 1182 589 1192 ι
772 1102 963 1164 Anno
989 1100 1165 1163 1284:
1208 1099 1362 1163 Fuit
1401 1101 1625 1164 ventus
1663 1100 1924 1175 validus,
1965 1104 2059 1163 ita
2097 1100 2261 1183 quod
2300 1100 2567 1162 aedificia
2590 1108 2655 1161 et

604 1289 609 1294 ⁸
696 1205 1087 1273 Monasteria
1111 1215 1496 1269 corruerunt.
1750 1276 1755 1281 .

771 1311 1163 1399 Annonl293.
1211 1311 1369 1374 Orta
1392 1320 1490 1373 est
1517 1312 1583 1372 in
1611 1313 1773 1373 mari
1789 1311 2212 1373 controversia
2229 1330 2463 1392 magna
2488 1312 2655 1371 inter

692 1418 1062 1499 navigantes
1101 1417 1281 1498 regni
1321 1414 1637 1489 Francus,
1665 1423 1730 1477 et
1757 1416 2138 1497 remigantes
2176 1416 2357 1496 regni
2385 1414 2653 1496 Angliae,

693 1542 880 1583 causa
926 1521 1241 1584 levissima
1285 1520 1691 1602 praecedente,
1731 1520 1923 1582 factis
1948 1520 2196 1601 magnis
2223 1510 2655 1581 'occisionibus

691 1634 757 1688 et
798 1626 1311 1687 truncationibus.
1351 1625 1496 1703 hinc
1541 1632 1607 1685 et
1653 1625 1817 1685 inde.
1902 1622 2186 1705 Quadam
2230 1624 2331 1685 die
2376 1645 2654 1686 occurre-

692 1738 841 1791 runt
885 1730 1007 1792 sibi
1041 1731 1329 1803 invicem,
1373 1737 1456 1803 et,
1503 1740 1750 1791 ostenso
1793 1730 1972 1809 signo
1998 1729 2168 1809 pacis
2216 1737 2479 1809 aparte
2523 1730 2656 1792 An·
2752 1762 2761 1769 ·

690 1834 957 1916 glorum,
1004 1831 1436 1895 fraudulenter
1481 1853 1627 1893 cum
1672 1850 1905 1913 magno
1958 1834 2217 1913 impetu
2253 1854 2437 1915 super
2490 1832 2655 1917 Nor-

689 1960 953 2002 mannos
1005 1940 1339 2000 irruerunt.
1424 1936 1784 1999 Normanni
1836 1957 1984 1998 vero
2037 1937 2264 1999 timore
2316 1940 2654 2019 perterriti,

688 2046 983 2107 timentes
1017 2065 1097 2105 ne
1137 2064 1281 2124 pars
1320 2043 1817 2104 adversariorum
1858 2042 2241 2123 praevaleret,
2281 2064 2472 2106 naves
2511 2066 2653 2105 cum

687 2150 995 2222 omnibus,
1043 2168 1180 2229 quae
1225 2147 1531 2221 ferebant,
1572 2147 1706 2209 sine
1753 2146 2002 2209 laesione
2047 2147 2259 2229 aliqua
2301 2149 2367 2209 in
2415 2149 2655 2230 Anglo-

687 2275 830 2315 rum
881 2252 1170 2315 manibus
1216 2252 1637 2334 reliquerunt.¹
1720 2251 1847 2315 His
1901 2253 2154 2327 auditiS,
2200 2262 2266 2315 et
2319 2254 2655 2336 diligenter

684 2359 1058 2420 examinatis
1096 2357 1179 2419 ab
1218 2356 1738 2419 excellentissimo
1779 2355 2089 2439 Principe,
2121 2356 2435 2441 Philippo,
2477 2359 2651 2443 Rege

690 2460 1096 2537 Francorum,
1151 2461 1478 2524 humiliter
1531 2461 1906 2545 supplicavit
1950 2461 2116 2545 Regi
2162 2463 2263 2525 An
2268 2463 2535 2546 glorum,
2582 2473 2654 2527 ut

685 2569 852 2647 bona
896 2569 1111 2630 omnia
1154 2569 1403 2630 restitui
1447 2567 1702 2641 faceret,
1750 2588 1887 2649 quae
1922 2567 2176 2629 ‘subditi
2222 2569 2318 2629 sui
2357 2569 2423 2629 in
2478 2571 2652 2632 dam—

686 2693 838 2732 num
877 2672 1058 2753 regni
1103 2673 1197 2732 sui
1227 2673 1498 2753 turpiter
1542 2672 2010 2734 fraudaverunt.
2090 2671 2274 2733 ¹Idem
2318 2694 2467 2736 vero
2512 2673 2651 2736 Rex

688 2776 990 2857 Anglicus
1041 2777 1374 2857 iniquitate
1428 2775 1724 2857 repletuS,
1792 2776 1942 2837 licet
1996 2776 2391 2853 sufficienter,
2464 2789 2649 2860 prout

687 2881 880 2941 moris
932 2887 1045 2953 est,
1108 2887 1268 2940 esset
1320 2881 1617 2954 monitus,
1677 2881 1844 2942 bona
1896 2881 2155 2943 reddere
2208 2883 2495 2945 totaliter
2547 2885 2651 2946 de-

685 2985 976 3068 negavit:
1038 2993 1104 3046 et
1154 2985 1578 3046 obedientiam
1604 3004 1612 3008 ·
1634 2986 1889 3047 domino
1944 3006 2073 3058 suo,
2128 2985 2291 3069 Regi
2348 2985 2649 3064 Franciae,

589 3107 596 3118 ’
685 3097 1000 3173 praestare,
1048 3109 1202 3150 ausu
1255 3091 1591 3152 temerario
1640 3091 1965 3152 recusavit.
2046 3091 2213 3153 Acto
2259 3093 2423 3173 igitu
2448 3097 2649 3156 conci-

686 3196 775 3258 lio
825 3215 968 3257 cum
1025 3192 1376 3256 Comitibus
1422 3203 1488 3256 et
1537 3194 1892 3257 Baronibus
1938 3197 2081 3270 suiS,
2128 3194 2267 3259 Rex
2314 3195 2649 3263 Francicus

686 3308 890 3365 totam
943 3307 1198 3373 terram,
1256 3321 1445 3382 quam
1499 3300 1777 3362 habebat
1830 3301 1896 3360 in
1950 3322 2146 3383 regno
2200 3323 2329 3377 suo,
2395 3314 2651 3387 propter

686 3406 879 3487 ipsius
919 3404 1429 3478 inobedientiam,
1477 3407 1777 3467 severiter
1821 3407 2167 3487 occupavit,
2212 3415 2279 3468 et
2326 3407 2502 3470 illam
2530 3412 2647 3472 sibi

686 3517 752 3570 et
794 3529 988 3590 regno
1031 3528 1141 3570 suo
1187 3508 1472 3570 celeriter
1513 3511 1889 3591 subjugavit.
1975 3508 2226 3573 Memor
2261 3511 2432 3574 illius
2469 3516 2647 3576 verbi

686 3614 967 3688 dicentis,
1008 3620 1044 3646 “
1065 3613 1267 3696 Quem
1309 3612 1434 3676 Dei
1481 3615 1675 3676 timor
1720 3634 1761 3676 a
1806 3614 1974 3677 malo
2020 3617 2341 3679 retardare
2388 3639 2514 3680 non
2556 3619 2648 3680 fa-

683 3722 791 3793 cit,
859 3717 1079 3782 saltem
1151 3719 1339 3780 debet
1406 3738 1550 3780 eum
1608 3725 1886 3781 coercere
1942 3721 2239 3783 severitas
2298 3724 2487 3806 regiae
2540 3745 2648 3806 po-

685 3819 985 3887 testatis.''
