3192 5050
705 646 824 709 126
1031 662 1244 709 semp.
1283 662 1527 709 RERUM
1566 662 1758 709 cnsr.
1801 664 2152 712 WILLELMI
2193 666 2240 711 1.

705 809 982 869 mannici
1035 808 1152 869 soli
1230 815 1296 869 et
1371 807 1629 889 Anglici
1698 808 2179 890 amplitudinem
2251 810 2654 891 copulavisse.

705 911 1126 987 Willelmum‚
1155 914 1281 995 qui,
1317 932 1359 975 a
1391 912 1566 975 nullo
1590 934 1865 994 unquam
1892 922 2235 995 superatus,
2262 916 2531 997 patriam
2562 916 2659 976 in-

708 1016 890 1097 clytis
936 1018 1188 1080 ornavit
1233 1018 1546 1099 trophaeiS,
1572 1018 1931 1079 clarissimis
1982 1017 2389 1100 locupletavit
2433 1021 2658 1081 trium-

705 1121 866 1202 phis,
933 1122 1246 1201 superiore
1303 1122 1499 1183 hostis
1550 1142 1745 1183 manu
1797 1122 2043 1184 devicto
2103 1122 2325 1196 Xerxi,
2392 1131 2458 1184 et
2522 1124 2657 1183 sine

705 1226 898 1287 classe
953 1226 1344 1307 aequandum,
1411 1246 1485 1287 ac
1523 1226 1893 1288 fortitudine
1958 1228 2462 1309 anteponendum
2514 1247 2658 1287 cen-

708 1351 930 1392 semus.
1453 1398 1458 1406 .

791 1438 1027 1501 Solutis
1079 1447 1269 1501 noctu
1321 1447 1462 1520 post
1508 1438 1782 1519 quietem
1822 1441 2104 1514 navibuS,
2143 1441 2377 1502 vehens
2416 1439 2659 1502 Ducem

705 1552 876 1606 retro
917 1552 1156 1605 ceteras
1198 1543 1478 1625 agillime
1530 1543 1804 1624 reliquit,
1845 1546 2166 1607 ardentius
2208 1547 2290 1607 ad
2329 1547 2660 1608 victoriam

706 1651 1099 1732 properantis
1145 1650 1409 1731 imperio
1444 1670 1569 1710 suae
1614 1649 1967 1711 velocitatis
2004 1650 2323 1730 parilitate
2351 1651 2527 1731 quasi
2551 1651 2662 1711 ob-

707 1763 1082 1836 temperans.
1161 1754 1206 1817 J
1209 1776 1383 1816 ussus
1406 1738 1593 1817 mane
1621 1777 1834 1818 remex
1852 1756 2006 1818 mali
2022 1758 2103 1820 ab
2122 1758 2254 1820 alto
2273 1764 2309 1791 “‘
2337 1779 2491 1819 num
2507 1778 2661 1839 quae,

706 1864 966 1933 veniant
991 1882 1310 1943 consequae
1328 1858 1362 1885 ”
1383 1862 1706 1943 speculari,
1718 1841 1955 1945 ‘praeter
1967 1862 2225 1944 pelagus
2244 1871 2309 1925 et
2326 1870 2473 1924 ae'ra
2491 1883 2661 1943 pros-

705 1967 914 2047 pectui
967 1986 1078 2029 suo
1130 1966 1323 2046 aliud'
1346 1964 1508 2026 nihil
1561 1948 1917 2048 competere
1965 1968 2221 2029 indicat.
2314 1965 2657 2028 Confestim

708 2073 984 2134 anchora
1017 2075 1208 2154 jacta,
1249 2092 1329 2133 ne
1370 2079 1577 2132 metus
1618 2079 1807 2153 atque
1834 2091 2063 2132 moeror
2088 2072 2381 2132 comitem
2408 2072 2660 2132 turbam

705 2178 1132 2252 confunderet,
1155 2177 1478 2239 abundans
1497 2176 1851 2258 prandium,
1870 2196 1985 2237 nec
2006 2172 2255 2237 Baccho
2270 2176 2662 2257 pigmentato

704 2304 939 2357 carens,
979 2283 1468 2345 animosissimus
1492 2278 1662 2354 DuX,
1703 2280 1830 2341 acsi
1872 2280 1938 2341 in
1965 2279 2281 2341 coenaculo
2301 2280 2661 2353 domestice,

706 2386 1102 2450 memorabili
1155 2407 1297 2447 cum
1351 2385 1676 2446 hilaritate
1730 2384 2003 2465 accepit3
2071 2392 2326 2446 cunctos
2378 2391 2661 2445 actutum

707 2491 898 2554 affore
927 2492 1321 2574 promittens
1363 2489 1521 2563 De0,
1561 2492 1736 2570 cujus
1766 2508 1871 2550 eos
1904 2488 2119 2550 tutelae
2146 2488 2430 2562 credidit,
2471 2488 2663 2550 addu-

705 2605 905 2658 cente.
990 2594 1140 2658 Non
1195 2595 1527 2675 indignum
1580 2595 1837 2655 duceret
1884 2593 2277 2655 Mantuanus
2325 2592 2661 2655 Poetarum

709 2699 1008 2782 Princeps
1033 2699 1324 2761 laudibus
1353 2697 1576 2760 AEneae
1605 2697 1884 2779 Trojani,
1920 2697 2029 2778 qui
2067 2699 2283 2779 priscae
2313 2696 2549 2772 Romae,
2591 2705 2663 2760 ut

707 2809 950 2886 p'arens,
990 2803 1195 2885 gloria
1219 2803 1361 2876 fuit,
1397 2803 1795 2863 securitatem
1822 2808 2011 2883 atque
2038 2803 2453 2864 intentionem
2480 2803 2667 2883 hujus

709 2927 938 2968 mensae
1005 2909 1294 2968 inserere.
1376 2905 1723 2986 Inquisitus
1782 2906 1987 2968 denuo
2040 2907 2407 2987 speculator,
2473 2927 2665 2968 naves

707 3020 975 3094 quatuor
1009 3012 1324 3085 advenire,
1363 3012 1556 3074 tertio
1608 3019 1822 3072 tantas
1874 3010 2203 3086 exclamat,
2243 3019 2317 3072 ut
2369 3012 2663 3073 arborum

699 3116 1102 3180 veliferarum
1129 3118 1448 3178 uberrima
1485 3117 1761 3178 densitas
1791 3117 2063 3178 nemoris
2090 3125 2344 3198 praestet
2368 3117 2661 3179 similitu-

707 3224 939 3285 dinem.
997 3221 1134 3304 Quo
1159 3222 1422 3304 proinde
1451 3243 1588 3304 spes
1605 3220 1805 3284 Ducis
1821 3222 2055 3303 gaudio
2074 3225 2157 3284 sit
2173 3231 2439 3297 mutata,
2472 3243 2662 3304 quam

708 3349 784 3388 ex
811 3328 1038 3389 intimo
1065 3327 1249 3388 corde
1276 3326 1556 3388 divinam
1591 3325 2040 3408 glonficaverit
2066 3328 2390 3408 pietatem,
2411 3331 2548 3409 conj
2554 3329 2664 3389 ici-

705 3433 937 3494 endum
964 3431 1161 3493 cuivis
1188 3431 1614 3512 relinquimus.
1690 3429 2163 3494 Penevesellum
2179 3453 2473 3515 prospero
2500 3433 2663 3495 flatu

707 3544 1054 3619 provectUS,
1069 3535 1266 3597 libere
1287 3537 1552 3598 navibus
1571 3536 1911 3616 egreditur,
1929 3557 2143 3617 pugna
2161 3537 2337 3599 nulla
2355 3539 2663 3600 obstante.

706 3639 1018 3721 Equidem
1063 3638 1381 3701 Heraldus
1423 3641 1490 3699 in
1535 3637 1993 3702 Eboracensem
2039 3638 2283 3721 Pagum
2310 3649 2666 3716 recesserat,

705 3766 848 3806 cum
875 3745 1072 3806 fratre
1109 3735 1230 3805 suo*
1265 3742 1549 3816 Tostillo,
1589 3751 1659 3804 et
1696 3741 1998 3817 Heraldo,
2043 3742 2421 3806 Noricorum
2470 3745 2665 3827 Rege,

705 3849 1131 3910 dimicaturus.
1213 3845 1352 3909 Nec
1377 3848 1605 3908 mirere
1634 3848 1799 3929 quod
1810 3868 2145 3930 germanus
2162 3857 2483 3931 permotus
2506 3852 2668 3932 inju-

700 3952 829 4024 riis,
869 3953 1071 4013 invasi
1113 3951 1368 4014 honoris
1417 3951 1693 4026 aemuluS,
1746 3972 1925 4014 arma
1980 3961 2241 4015 externa
2288 3954 2554 4016 adduxit
2598 3967 2667 4017 in

703 4053 1077 4129 Heraldum‚
1119 4077 1306 4138 quem
1333 4076 1638 4137 germana
1665 4077 1926 4137 quoque,
1968 4056 2064 4117 illi
2084 4059 2363 4120 moribus
2387 4060 2667 4120 absimil-

700 4158 874 4232 lima,
913 4179 1056 4218 cum
1099 4161 1291 4220 armis
1315 4181 1440 4221 non
1467 4159 1726 4234 valeret,
1774 4161 1938 4223 votis
1977 4161 2392 4243 impugnabat
2418 4171 2485 4224 et
2522 4185 2669 4225 con-

701 4262 859 4336 silio,
926 4261 1194 4324 luxuria
1226 4262 1479 4338 foedum,
1539 4263 1964 4326 truculentum
2020 4265 2421 4342 homicidam,
2468 4267 2667 4331 divite
