3192 5050
693 538 773 599 86
1069 553 1280 600 semp.
1322 551 1565 600 RERUM
1606 553 1795 599 GEsT.
1839 554 2190 601 WILLELMI
2232 556 2279 601 1.

693 696 896 758 ditate
923 695 1206 759 bellandi
1230 696 1484 778 egregie
1511 697 1843 769 instructo,
1881 697 2048 759 unde
2087 696 2483 777 triumphum
2524 718 2653 759 non

693 799 1195 881 pollicitarentur
1221 800 1575 882 Andegavi,
1620 798 1879 875 Turoni,
1922 798 2232 876 Pictones,
2276 800 2653 884 Bul-(legale,

692 903 911 965 multae
940 905 1246 985 regiones,
1283 890 1572 966 civitates
1597 902 1905 985 plurimae,
1933 926 2068 987 quae
2094 906 2291 987 signis
2318 910 2451 989 ejus
2476 926 2655 987 pare-

692 1007 896 1069 bant?
979 1007 1046 1069 Is
1069 1028 1342 1089 namque
1369 1007 1698 1071 dominum
1724 1027 1926 1082 suum,
1970 1006 2284 1071 Comitem
2314 1006 2652 1070 Pictonum

693 1120 760 1173 et
799 1110 1188 1193 Burdegalae,
1229 1112 1296 1175 vi
1337 1110 1568 1173 bellica
1590 1112 1778 1193 cepit,
1820 1132 2021 1193 neque
2066 1121 2215 1174 ante
2242 1112 2656 1194 postiliminio

689 1215 996 1278 concessit
1049 1215 1283 1276 reverti
1333 1216 1768 1296 mancipatum
1834 1214 2287 1295 indignissimae
2338 1216 2653 1287 custodies,

694 1338 884 1400 quam
911 1319 1162 1400 argenti
1187 1326 1255 1380 et
1281 1319 1421 1380 auri
1445 1318 1690 1401 pondus
1716 1318 2177 1399 gravissimum,
2204 1327 2393 1400 atque
2420 1320 2657 1400 praedia

688 1424 1007 1485 ditissima
1057 1424 1322 1485 extorsit
1375 1444 1520 1485 cum
1574 1430 1969 1486 sacramento
2020 1423 2101 1484 de
2153 1425 2372 1505 pactis
2457 1421 2655 1485 Porro

693 1528 904 1608 ipsine,
931 1526 1214 1589 defuncti
1240 1534 1382 1608 post
1407 1527 1906 1608 redemptionem
1934 1527 2037 1588 die
2064 1535 2309 1608 quart0,
2342 1535 2408 1589 et
2433 1547 2656 1590 novere-

690 1650 834 1691 cam
854 1630 1177 1711 praecipuae
1201 1628 1555 1691 nobilitatis
1580 1629 1769 1691 thoro
1795 1647 1906 1692 suo
1934 1630 2213 1705 sociavit,
2240 1638 2308 1691 et
2332 1629 2561 1693 fratres
2586 1632 2654 1691 in

689 1732 962 1793 tutelam
983 1752 1160 1793 suam
1180 1732 1440 1813 accepit,
1466 1739 1532 1793 et
1557 1732 1888 1794 thesauros
1914 1753 2057 1794 cum
2084 1740 2226 1794 tota
2250 1733 2560 1795 honorum
2580 1754 2655 1796 ac

692 1836 990 1916 potentiae
1005 1834 1421 1916 amplitudine
1437 1835 1617 1915 quasi
1642 1835 1871 1895 ditioni
1888 1854 2012 1897 suae
2029 1835 2396 1899 vindicavit.
2479 1834 2656 1897 Fini-

689 1940 810 2001 bus
850 1940 1102 2019 quidem
1142 1938 1619 2019 Andegavensis
1648 1937 2003 2001 Comitatus
2040 1939 2249 2001 claudi
2276 1949 2654 2022 potestatem

689 2062 892 2115 suam,
933 2044 1183 2123 inopem
1229 2049 1420 2123 atque
1458 2041 1818 2123 pudendam
1872 2043 2231 2123 augustiam
2279 2044 2653 2105 aestimabat.

691 2144 858 2207 Late
886 2144 955 2205 in
981 2144 1193 2207 ahena
1217 2165 1363 2206 eum
1403 2144 1728 2225 captivum
1772 2146 2069 2226 raptabat
2096 2146 2393 2207 immanis
2418 2147 2658 2227 cupidi-

688 2257 810 2310 tas.
893 2245 1220 2309 Dilatatus
1244 2267 1396 2328 ergo
1415 2248 1761 2327 adquisitis,
1788 2246 1995 2310 multa
2012 2249 2347 2329 insigniter
2370 2268 2657 2311 consum-

691 2350 913 2423 mavit,
933 2370 1050 2411 nec
1063 2351 1274 2411 minus
1298 2350 1480 2411 varia
1505 2351 1749 2411 astucia
1768 2370 1961 2431 quam
1978 2352 2203 2433 opibus
2218 2372 2431 2433 agens.
2475 2351 2657 2414 Inter

693 2472 830 2535 quae
859 2451 1254 2515 Turonorum
1281 2472 1524 2534 quoque
1551 2452 1879 2535 ingentem
1904 2461 1970 2515 et
1994 2454 2383 2536 opulentiam
2426 2463 2493 2517 et
2528 2456 2655 2518 vir-

688 2564 898 2618 tutem
951 2557 1336 2636 expugnavit
1389 2556 1667 2618 contrita
1731 2558 1907 2637 prius
1959 2558 2333 2620 fortitudine
2388 2557 2655 2622 Comitis

693 2657 1064 2720 Theobaldi.
1147 2656 1322 2719 Nam
1350 2678 1493 2719 cum
1513 2659 1845 2721 subvenire
1872 2668 2225 2724 maturaret
2254 2661 2657 2724 Theobaldus

691 2781 964 2843 percarae
987 2761 1133 2821 urbi
1171 2779 1316 2833 suae,
1344 2779 1534 2840 quam
1576 2761 1694 2822 sub
1714 2761 1888 2822 duris
1913 2763 2143 2824 ictibus
2183 2762 2473 2826 Martelli
2490 2765 2657 2826 obsi-

688 2863 900 2925 dentis
926 2863 1246 2943 ingemere
1273 2882 1348 2925 ac
1375 2882 1568 2944 prope
1593 2862 1859 2924 deficere
1887 2865 2025 2945 ipsa
2050 2865 2465 2930 denuntiante
2492 2866 2655 2928 didi-

685 2973 884 3038 cerat,
935 2965 1310 3046 promptisse
1333 2985 1667 3028 occurrens
1696 2965 2059 3037 ,Mai-tellus
2109 2969 2282 3031 vicit.
2364 2967 2655 3050 Denique

687 3068 1208 3150 comprehensum
1233 3068 1396 3130 boiis
1423 3069 1697 3132 arctavit
1734 3069 1941 3150 ipsum
1968 3082 2114 3134 cum
2141 3073 2269 3134 suis
2294 3075 2655 3155 praecipuis:

688 3193 892 3255 neque
907 3180 1092 3254 pacto
1106 3179 1213 3234 'eos
1230 3172 1464 3236 leviore
1481 3193 1670 3254 quam
1688 3172 2093 3236 Wfflelmum
2114 3184 2305 3238 antea
2324 3173 2656 3240 Pictaven-

689 3298 823 3340 sem
870 3276 1072 3358 eJecit.
1158 3273 1501 3339 Civitatem
1569 3277 1798 3339 exhinc
1841 3276 2221 3342 Turonicam
2279 3281 2655 3362 possidebat.

687 3377 1144 3442 Vexavitidem
1156 3373 1494 3442 Franciam
1509 3381 1869 3442 universam
1879 3380 2381 3463 Regirebellans.
2439 3382 2658 3446 Tumi-

684 3483 805 3548 dus
822 3484 1034 3564 itaque
1044 3481 1402 3564 praeliorum
1411 3503 1694 3546 successu
1711 3483 1781 3545 N
1779 3486 2127 3546 ormanniae
2135 3495 2411 3548 castrum
2425 3487 2658 3548 invasi-

683 3606 808 3648 one
825 3587 1168 3667 occupavit,
1185 3593 1253 3647 et
1261 3605 1653 3669 summopere
1662 3588 2055 3650 custodiebat
2070 3588 2421 3652 Alentium.
2466 3588 2658 3651 Inha-

688 3690 1092 3753 bitatoresad
1107 3708 1172 3751 se
1185 3710 1414 3770 pronos
1433 3699 1773 3772 repererat.
1818 3690 2293 3756 lucrementum
2312 3693 2657 3776 pulcherri-

684 3813 865 3854 mum
893 3793 1238 3874 deputabat
1263 3813 1374 3856 suo
1387 3795 1651 3868 nomini,
1678 3795 2024 3876 patravisse
2052 3797 2219 3876 quod
2246 3795 2659 3858 Normanniae

687 3898 1017 3958 dominum
1064 3897 1388 3961 minuerit.
1468 3896 1835 3960 Willelmus
1861 3900 2031 3961 tueri
2071 3899 2385 3962 sufficiens
2404 3904 2508 3982 jus
2549 3921 2659 3983 pa-

559 4019 570 4030 ‘
681 4008 942 4062 ternum
962 4007 1028 4060 et
1048 4000 1312 4074 avitum,
1335 4002 1687 4081 quinetiam
1707 4000 1993 4064 diffusius
2019 4004 2416 4083 protendere,
2437 4005 2659 4066 adibat

681 4124 831 4164 cum
849 4105 1127 4165 exercitu
1147 4112 1385 4165 terram
1403 4104 1960 4186 Andegavensem3
1983 4114 2055 4166 ut
2071 4106 2337 4168 reddens
2352 4107 2657 4169 talionem
