3192 5050
811 674 1031 721 GESTA
1072 670 1420 719 WILLELMI
1460 668 1663 717 Ducrs
1704 664 2251 714 NonMANNoRm.
2410 644 2529 709 155

573 816 828 881 Graecus
873 826 986 879 aut
1032 817 1257 889 ArabS,
1300 796 1623 896 voluptate
1661 812 2020 875 traheretur
2070 810 2311 872 eadem.
2391 807 2527 871 An-

567 922 748 999 glieae
805 922 1080 983 nationis
1131 920 1380 982 feminae
1439 918 1713 980 multum
1751 908 1893 978 'anu
1946 922 2012 976 et
2063 915 2202 975 auri
2256 920 2527 985 textura,

570 1027 822 1107 egregie
859 1027 981 1087 viri
1019 1026 1086 1085 in
1127 1025 1301 1087 omni
1334 1023 1550 1086 valent
1585 1020 1872 1083 artifieio.
1954 1019 2061 1081 Ad
2099 1018 2218 1079 hoe
2256 1015 2525 1077 incolere

534 1114 739 1211 ‘apud
773 1148 878 1191 eos
915 1128 1217 1191 Germani
1252 1127 1537 1189 2010th
1577 1124 1804 1187 talium
1842 1124 2077 1185 artium
2114 1119 2526 1183 scientissinfl.

574 1233 865 1296 Inferunt
885 1242 952 1296 et
969 1234 1409 1315 negotiatoreS,
1438 1229 1547 1312 qui
1572 1230 1948 1310 longinquas
1964 1227 2249 1307 regiones
2266 1225 2530 1287 navibus

570 1336 824 1412 adeunt,
865 1338 1187 1400 doctarum
1228 1356 1531 1397 manuum
1565 1354 1773 1416 opera.

652 1442 951 1505 Potentes
997 1439 1282 1503 nonnulli
1331 1439 1562 1501 sanetis
1601 1439 1813 1519 inique
1855 1436 2229 1518 largiuntur,
2255 1435 2527 1517 plerum-

572 1566 692 1630 que
745 1549 810 1609 in
873 1546 1094 1608 iisdem
1142 1545 1582 1607 donationibus
1633 1543 1885 1605 laudem
1931 1562 2108 1603 suam
2162 1542 2229 1601 in
2275 1541 2531 1613 mund0‚

564 1651 797 1713 delicta
819 1670 932 1712 sua
955 1668 1168 1711 eoram
1204 1646 1344 1711 Deo
1371 1649 1771 1730 adaugentes,
1868 1644 2157 1727 Spoliant
2214 1644 2519 1717 ecelesias,

570 1762 638 1816 et
685 1755 924 1837 rapinis
987 1754 1137 1835 ipsis
1203 1752 1360 1815 alias
1425 1752 1661 1813 ditant.
1739 1746 1877 1813 Rex
1942 1768 2095 1812 vero
2160 1747 2527 1811 Willehnus

571 1878 933 1942 numquam,
995 1860 1118 1919 nisi
1163 1859 1469 1933 bonitate,
1524 1858 1831 1919 sinceram
1892 1855 2128 1917 famam
2191 1855 2313 1916 sibi
2361 1874 2528 1915 eom-

570 1967 838 2047 paravit,
881 1965 1122 2027 donans
1165 1982 1312 2026 vere
1360 1982 1504 2037 sua3
1547 1970 1763 2023 mente
1811 1962 1893 2023 ad
1947 1980 2118 2043 spem
2174 1960 2527 2022 interminae

568 2070 889 2144 mercedis,
954 2090 1082 2131 non
1147 2069 1231 2130 ad
1287 2068 1578 2149 gloriam,
1639 2086 1775 2147 quae
1838 2066 2167 2148 deperibit,
2228 2066 2525 2125 intentus

571 2173 988 2236 Abundantes
1039 2171 1314 2233 eoolesiae
1365 2171 1807 2232 transmarinae
1868 2168 2083 2251 aliqua
2134 2170 2194 2230 ei
2239 2169 2524 2241 libenteS‚

573 2297 710 2358 quae
770 2277 838 2336 in
897 2276 1173 2338 Galliam
1234 2274 1624 2347 transferret,
1690 2273 2035 2337 dederunt:
2099 2274 2393 2355 quoniam
2454 2293 2530 2334 ea

569 2380 881 2461 multuplo
906 2379 1174 2440 redemit
1199 2379 1384 2439 rebus
1409 2376 1567 2439 aliis.
1651 2376 1959 2451 Patriam,
1996 2397 2122 2439 non
2154 2378 2361 2438 minus
2388 2397 2527 2459 reg-

572 2504 656 2547 no
708 2502 919 2547 caram
973 2484 1113 2558 sibi,
1168 2483 1502 2566 (praeoipue
1555 2501 1745 2544 eausa
1796 2482 2007 2564 probae
2057 2483 2282 2563 gentiS,
2337 2502 2525 2565 quam

576 2589 960 2670 principibus
996 2588 1264 2649 terrenis
1309 2585 1522 2660 fidam,
1569 2587 1831 2676 culturae
1886 2584 2121 2648 Christi
2146 2586 2329 2650 valde
2356 2587 2527 2647 dedi-

565 2701 701 2756 tam
737 2691 1046 2773 noverat,)
1091 2693 1158 2752 in
1205 2699 1377 2754 statu
1431 2712 1617 2773 quem
1663 2691 1917 2755 volebat
1964 2693 2227 2755 invenit.

652 2796 906 2877 Optime
934 2795 1188 2880 quidem
1216 2804 1433 2878 egerat
1460 2798 1527 2858 in
1562 2797 1989 2878 gubernaculo
2017 2798 2275 2860 domina
2308 2805 2523 2860 nostra

569 2901 879 2976 Matildis,
933 2904 959 2982 j
965 2921 1068 2963 am
1114 2903 1367 2963 nomine
1410 2901 1737 2983 divulgato
1774 2900 2041 2984 Regina,
2082 2903 2201 2963 etsi
2243 2903 2522 2963 nondum

567 3014 884 3068 coronata.
966 3004 1148 3066 Illius
1188 3006 1589 3086 prudentiam
1630 3006 1754 3068 viri
1793 3006 2089 3088 adjuvere
2115 3006 2373 3069 oonsilio
2400 3007 2525 3068 uti-

568 3109 823 3183 lissimi3
891 3110 958 3168 in
1007 3109 1232 3190 quibus
1292 3109 1501 3172 locum
1555 3109 1887 3192 dignitatis
1947 3112 2221 3192 primum
2265 3112 2525 3173 tenebat

570 3213 856 3295 Rogems
881 3213 960 3274 de
1007 3211 1421 3288 Bellomonte,
1467 3212 1859 3295 Humphridi
1885 3214 2159 3276 hominis
2182 3216 2525 3295 generosis-

565 3318 713 3379 simi
751 3314 938 3389 filins,
977 3316 1060 3377 ob
1085 3317 1522 3378 maturitatem
1549 3319 1669 3379 aevi
1703 3317 1963 3380 liberior
1988 3318 2071 3380 ad
2104 3319 2363 3400 negotia
2387 3340 2523 3400 quae

567 3422 740 3482 domi
766 3427 1110 3503 geruntur:
1152 3419 1286 3482 filio
1305 3420 1702 3496 adolescenti,
1731 3423 1941 3504 (super
1958 3425 2134 3504 eujus
2152 3422 2523 3484 fortitudine

568 3526 638 3587 in
663 3525 880 3608 praelio
905 3532 1126 3588 contra
1159 3523 1516 3587 Heraldum
1542 3527 1757 3606 paneis
1784 3525 2101 3606 diximus,)
2127 3527 2331 3588 officio
2356 3528 2522 3587 mili-

565 3631 695 3692 tari
717 3629 973 3690 tradito.
1051 3627 1296 3692 Verum
1321 3635 1360 3664 “
1381 3631 1547 3712 quod
1562 3629 1819 3693 finitimi
1839 3632 2255 3693 incursionem
2282 3631 2521 3692 nullam

567 3735 706 3796 ausi
775 3733 1047 3807 fuerant,
1109 3754 1252 3795 oum
1314 3742 1551 3797 terram
1604 3735 1735 3796 fere
1790 3735 2100 3797 militibus
2150 3736 2520 3796 exhaustam

566 3834 856 3912 scirent,”
894 3839 1031 3920 regi
1055 3839 1195 3918 ipsi,
1235 3841 1410 3920 eujus
1435 3841 1852 3903 reversionem
1880 3841 2276 3914 verebantur,
2316 3841 2520 3922 primo

563 3942 1001 4005 ascribendum
1029 3944 1429 4005 arbitramur.

648 4047 754 4108 Ad
807 4045 1178 4109 Coenobium
1229 4055 1462 4109 sanetas
1513 4046 1850 4109 Trinitatis
1914 4047 2211 4111 Fiseanni
2278 4049 2523 4111 Pascha

563 4150 910 4212 celebravit
935 4150 1340 4224 dominicum,
1383 4149 1869 4232 Redemptorem
1904 4155 2370 4216 resurrectionis
2396 4175 2519 4216 suae

565 4254 726 4316 festo
751 4255 1261 4317 reverendissime
1282 4255 1613 4330 honoranS,
1652 4276 1795 4317 eum
1822 4256 2173 4340 frequentia
2198 4259 2521 4321 venerabi-

565 4357 723 4420 lium
752 4367 818 4420 et
856 4357 1198 4421 Praesulnm
1225 4367 1291 4420 et
1320 4359 1663 4422 Abbatum.
1747 4360 2099 4424 Humiliter
2122 4363 2377 4424 adstans
2412 4361 2518 4424 ille

2154 4484 2212 4531 Μ
2232 4468 2277 4530 2
