3192 5050
790 633 946 682 wm.
990 631 1275 682 cARm
1315 633 1409 682 DE
1446 627 1826 682 HASTmeAE
1867 631 2162 682 PROELIO.

603 779 729 842 Per
754 781 983 841 nimias
1007 779 1189 841 cedes
1214 797 1367 840 nam
1386 778 1617 841 bellica
1635 783 1784 861 jura
1799 787 2090 842 tenentes

682 883 1004 946 Hei-aldus
1028 887 1201 966 cogit
1216 905 1479 966 pergere
1504 887 1714 946 carnis
1730 886 1874 946 iter.

604 985 729 1049 Per
755 989 1025 1069 clipeum
1052 989 1291 1070 primus
1316 987 1662 1050 dissolvens
1685 988 1938 1069 cuspide
1963 994 2182 1069 pectus

683 1089 899 1153 Effuso
924 1092 1213 1154 madidet
1238 1093 1561 1174 sanguinis
1586 1093 1792 1154 imbre
1819 1090 2042 1166 solum!

606 1194 914 1276 Tegmine
934 1197 1051 1258 sub
1075 1196 1272 1278 galeae
1296 1205 1487 1278 caput
1514 1203 1812 1278 amputat
1831 1215 1981 1257 ense
2007 1195 2327 1270 secundus,

684 1296 776 1361 Et
800 1300 931 1362 telo
954 1303 1196 1362 ventris
1220 1303 1451 1362 tercius
1476 1308 1627 1362 exta
1651 1302 1855 1381 rigat:

602 1402 895 1465 Abscidit
921 1425 1143 1466 coxam
1164 1413 1438 1486 quartus,
1472 1404 1688 1486 procul
1713 1405 1850 1486 egit
1873 1403 2254 1485 ademptam.

690 1506 937 1569 Taliter
955 1509 1225 1570 occisum
1251 1516 1427 1570 terra
1450 1509 1721 1571 cadaver
1746 1509 1960 1572 habet.

607 1609 813 1673 Fama
837 1612 1057 1674 volans
1082 1618 1119 1646 “
1138 1611 1461 1675 Hel-aldus
1484 1609 1666 1676 obit”
1695 1631 1810 1696 per
1833 1612 2053 1695 praelia
2075 1610 2338 1695 sparsit:

690 1715 960 1798 Mitigat
982 1718 1303 1801 extemplo
1328 1720 1519 1781 corda
1542 1720 1814 1801 superba
1831 1719 2059 1790 timor3

609 1820 793 1883 Bella
816 1831 1056 1904 negant
1076 1823 1295 1905 Angli,
1314 1826 1567 1886 veniam
1594 1830 1860 1906 poscunt
1885 1822 2198 1904 superati:

686 1923 925 1986 Vivere
952 1925 1159 2000 diffisi,
1200 1935 1384 2009 terga
1408 1928 1636 1989 dedere
1655 1929 1815 1988 neci.

610 2026 763 2090 Dux
788 2030 880 2091 ibi
905 2050 1019 2111 per
1042 2050 1377 2092 numerum
1404 2033 1528 2094 duo
1546 2032 1730 2093 milia
1747 2031 1924 2093 misit
1949 2030 2031 2092 ad
2049 2047 2286 2104 omani,

690 2131 989 2216 Exceptis
1016 2133 1157 2197 aliis
1176 2135 1431 2198 milibus
1458 2138 1825 2198 innumeris.

611 2235 857 2318 Vesper
882 2247 1038 2312 erat,
1059 2241 1196 2320 jam
1216 2241 1409 2302 cardo
1434 2242 1604 2302 diem
1629 2240 1930 2303 volvebat
1955 2238 2037 2300 ad
2061 2237 2337 2310 umbras,

690 2337 1020 2404 Victorem
1044 2343 1196 2405 fecit
1220 2365 1364 2404 cum
1394 2343 1569 2406 Deus
1590 2365 1728 2406 esse
1753 2346 1994 2406 ducem.

620 2443 837 2507 Solum
865 2446 1129 2510 devictis
1154 2469 1281 2510 nox
1308 2456 1374 2510 et
1400 2449 1557 2532 fuga
1582 2449 1821 2531 profuit
1849 2446 2080 2530 Anglis

694 2548 891 2613 Densi
918 2573 1030 2634 per
1056 2553 1332 2616 latebras
1358 2562 1425 2615 et
1450 2556 1733 2635 tegimen
1761 2554 2054 2615 nemoris.

617 2651 795 2716 Inter
820 2656 1145 2719 defunctos
1170 2666 1419 2720 noctem
1446 2658 1769 2739 pausando
1793 2658 2042 2739 peregit

696 2757 943 2834 Victor,
968 2768 1037 2822 et
1062 2769 1383 2843 exspectat
1410 2761 1666 2825 Lucifer
1683 2772 1757 2824 ut
1783 2766 2021 2825 redeat.

618 2861 899 2947 Pervigil
927 2864 1307 2929 Hectorides
1326 2870 1606 2950 sequitur
1631 2868 1924 2932 caedendo
1949 2870 2240 2953 fingentes:

698 2968 879 3031 Mars
902 2970 1025 3031 sibi
1046 2971 1178 3033 tela
1202 2973 1387 3052 gerit,
1414 2992 1585 3034 mors
1611 2976 1849 3036 sociata
1872 2974 2063 3039 furit:

617 3071 822 3136 Duxit
849 3076 933 3137 ad
956 3096 1151 3156 usque
1176 3077 1346 3137 diem
1372 3079 1549 3139 vario
1574 3080 1920 3141 certamine
1947 3088 2217 3154 noctem,

701 3176 840 3240 Nec
867 3200 1085 3241 somno
1110 3182 1437 3261 premitur,
1465 3184 1711 3244 somnia
1727 3204 1844 3245 nec
1869 3185 2132 3265 patitur.

621 3282 843 3345 Illuxit
868 3292 1198 3365 postquam
1222 3283 1446 3347 Phoebi
1468 3285 1815 3349 clarissima
1833 3287 2078 3370 lampas

697 3386 788 3449 Et
806 3388 1113 3449 mundum
1132 3388 1331 3451 furvis
1356 3392 1571 3472 expiat
1595 3396 1638 3453 a
1661 3392 1959 3465 tenebriS‚

620 3490 949 3555 Lustravit
974 3512 1287 3575 campum,
1312 3494 1543 3556 tollens
1568 3503 1637 3556 et
1663 3514 1822 3557 caesa
1846 3514 2100 3558 suorum

704 3593 1000 3677 Corpora,
1029 3597 1156 3657 dux
1181 3606 1369 3659 terrae
1392 3600 1676 3661 condidit
1702 3600 1768 3661 in
1796 3601 2059 3681 gremio,

620 3697 965 3762 Vermibus
990 3708 1179 3783 atque
1205 3702 1386 3783 lupis,
1414 3704 1635 3765 avibus
1659 3704 2038 3784 canibusque
2063 3702 2347 3766 voranda

704 3800 957 3864 Deserit
978 3803 1333 3886 Anglorum
1359 3826 1623 3888 corpora
1647 3814 1848 3868 strata
1875 3806 2023 3868 solo.

581 3964 585 3969 .
621 3905 896 3968 Heraldi
921 3928 1145 3990 corpus
1172 3909 1427 3992 collegit
1454 3910 1886 3985 dilaceratum,

706 4010 1055 4075 Collectum
1080 4016 1243 4075 texit
1268 4015 1526 4077 sindone
1552 4034 1886 4097 purpurea,

624 4115 874 4178 Detulit
896 4125 964 4179 et
990 4138 1199 4179 secum
1226 4127 1513 4200 repetens
1538 4140 1654 4181 sua
1678 4126 1886 4181 castra
1909 4122 2179 4195 marina,

704 4221 977 4305 Expleat
1003 4230 1078 4283 ut
1103 4222 1321 4284 solitas
1346 4224 1585 4287 funeris
1611 4230 1921 4310 exequias.

624 4326 895 4389 Heraldi
914 4336 1123 4390 mater
1148 4330 1346 4391 nimio
1371 4333 1712 4394 constricta
1737 4334 1950 4398 dolore

2404 615 2487 678 43
