3192 5050
775 598 992 647 GESTA
1033 598 1381 647 WILLELMI
1420 598 1623 645 DUCIS
1665 598 2209 647 NORMANNORUM.
2365 585 2484 647 113

537 746 688 808 dum
741 754 1020 808 armatus
1073 745 1395 817 actitabat,
1447 742 1693 804 oculum
1750 746 2109 806 interiorem
2166 764 2205 807 a
2250 747 2475 807 timore

537 852 926 933 sempiternae
955 848 1312 930 Majestatis
1344 848 1693 929 dejiciebat.
1776 848 1993 915 Armis
2028 868 2297 930 namque
2337 870 2478 931 pro-

538 956 795 1018 terendo
859 954 1029 1017 bella
1093 962 1368 1027 externa,
1441 945 1710 1014 arcendo
1774 953 2125 1025 seditiones,
2206 954 2475 1035 rapinas,

536 1058 791 1138 praedaS,
837 1059 1057 1139 patriae
1102 1056 1461 1119 consulebat
1517 1055 1836 1119 Christum
1885 1055 2147 1117 colenti:
2229 1065 2301 1117 ut
2354 1077 2477 1138 quo

537 1182 688 1242 pace
708 1162 846 1243 plus
869 1161 1200 1235 frueretur,
1227 1162 1434 1222 minus
1458 1160 1724 1222 violaret
1750 1180 1925 1221 sacra
1949 1161 2259 1222 instituta.
2338 1160 2477 1223 Nec

537 1286 682 1329 vere
708 1267 946 1327 dictum
993 1285 1266 1346 unquam
1315 1267 1436 1327 erit
1470 1266 1803 1345 suscepisse
1846 1285 1990 1325 eum
2032 1265 2268 1326 bellum
2312 1268 2477 1347 quod

530 1371 779 1451 justitia
821 1378 1092 1433 vacaret.
1182 1368 1287 1431 Ita
1335 1368 1719 1431 Christicolae
1768 1366 1973 1449 Reges
2017 1369 2301 1449 gentium
2351 1368 2477 1431 Ro-

537 1494 866 1535 manarum
893 1482 958 1535 et
981 1472 1335 1535 Graecarum
1356 1480 1648 1534 tutantur
1666 1493 1795 1546 sua,
1815 1472 2180 1554 propulsant
2198 1473 2477 1553 injurias,

531 1580 697 1659 juste
741 1578 822 1639 ad
863 1577 1139 1658 palmam
1185 1578 1586 1640 contendunt.
1688 1576 1839 1658 Quis
1880 1585 2093 1641 autem
2136 1578 2305 1639 dicat
2348 1597 2477 1639 esse

537 1680 687 1742 boni
725 1682 1022 1762 principis
1059 1682 1194 1763 pati
1229 1681 1550 1744 seditiosos
1593 1690 1706 1744 aut
1746 1682 2066 1763 raptores?
2148 1681 2303 1763 Ejus
2344 1684 2478 1743 ani-

538 1786 964 1847 madversione
1001 1794 1066 1845 et
1100 1785 1342 1865 legibus
1383 1806 1417 1847 e
1457 1785 1855 1849 Normannia
1896 1795 2041 1848 sunt
2076 1787 2477 1847 exterminati

538 1886 828 1961 latrones,
854 1888 1200 1962 homicidae,
1236 1888 1523 1951 malefici.
1612 1888 2013 1952 sanctissime
2051 1892 2117 1951 in
2161 1888 2477 1951 Norman-

537 1992 645 2053 nia
694 1992 1140 2054 observabatur
1184 2007 1641 2055 sacramentum
1694 1996 1880 2077 paciS,
1938 2015 2123 2076 quam
2188 1993 2477 2055 Treviam

536 2104 780 2169 vocant,
838 2098 1001 2178 quod
1043 2096 1292 2160 effrenis
1338 2100 1664 2181 regionum
1708 2100 1973 2161 aliarum
2017 2100 2314 2180 iniquitas
2355 2098 2476 2159 fre-

537 2210 798 2282 quenter
836 2209 1124 2264 temerat.
1235 2200 1500 2265 Causam
1548 2204 1770 2278 viduae,
1818 2204 2037 2286 inopis,
2080 2202 2301 2284 pupilli
2346 2204 2475 2283 ipse

534 2306 858 2368 humiliter
903 2307 1216 2381 audiebat,
1283 2308 1767 2370 misericorditer
1820 2309 2066 2389 agebat,
2134 2307 2474 2368 rectissime

535 2410 892 2473 definiebat.
972 2410 1128 2493 Ejus
1167 2413 1462 2493 aequitate
1497 2413 1875 2493 reprimente
1921 2412 2199 2492 iniquam
2239 2411 2475 2492 cupidi-

533 2522 753 2588 tatem,
791 2516 984 2578 vicini
1010 2516 1216 2578 minus
1240 2516 1528 2590 valentiS,
1571 2525 1682 2579 aut
1708 2515 1978 2578 limitem
2024 2516 2161 2598 agri
2206 2535 2476 2588 movere,

535 2627 646 2680 aut
670 2639 806 2681 rem
833 2619 1026 2681 ullam
1055 2640 1368 2702 usurpare,
1413 2641 1528 2682 nec
1571 2629 1793 2702 potens
1834 2621 2107 2683 audebat
2149 2621 2473 2701 quisquam

533 2743 648 2784 nec
673 2722 1020 2786 familiaris.
1103 2721 1310 2798 Villae,
1339 2732 1562 2798 castra,
1604 2726 1789 2787 urbes
1806 2728 1953 2806 jura
1977 2745 2090 2806 per
2115 2745 2258 2785 eum
2284 2723 2474 2784 habe-

532 2828 689 2889 bant
715 2827 970 2889 stabilia
993 2836 1060 2889 et
1084 2828 1267 2890 bona.
1352 2826 1568 2910 Ipsum
1612 2829 1771 2891 laetis
1812 2829 2149 2910 plausibuS,
2193 2827 2475 2890 dulcibus

533 2930 863 2992 cantilenis
905 2931 1094 3013 vulgo
1136 2931 1498 2994 efferebant.
1580 2931 1884 3014 Accipere
1910 2933 2129 2994 solitus
2155 2938 2249 2993 est
2288 2933 2473 2994 avido

532 3037 750 3098 auditu
793 3038 1088 3118 suavique
1129 3045 1316 3118 gustu
1358 3057 1548 3098 sacrae
1593 3038 1839 3119 paginae
1883 3057 2213 3109 sermones,
2258 3037 2353 3109 iis„
2400 3043 2474 3097 ut

533 3142 758 3202 animae
784 3141 1038 3223 epulum
1074 3150 1366 3216 sumeret,
1413 3141 1713 3202 delectari
1739 3140 2114 3214 desideranS‚
2157 3140 2474 3220 castigari,

531 3253 720 3326 atque
739 3245 1000 3306 edoceri.
1087 3243 1391 3307 Sumebat
1418 3254 1483 3307 et
1502 3245 1854 3306 honorabat
1880 3243 2243 3305 condecenti
2268 3263 2472 3304 rever-

532 3349 704 3410 entia
728 3349 999 3410 hostiam
1025 3349 1384 3423 salutarem,
1425 3347 1594 3410 Dom
1603 3347 1834 3408 inicum
1875 3347 2278 3427 sanguinem:
2332 3365 2473 3425 syn-

531 3471 674 3512 cera
698 3450 820 3513 fide
844 3460 1084 3526 tenenS,
1111 3453 1276 3533 quod
1299 3471 1450 3515 vera
1469 3451 1755 3514 doctrina
1772 3457 2168 3532 praeceperat,
2196 3455 2231 3482 “
2245 3469 2470 3530 panem

531 3562 597 3616 et
636 3555 874 3630 vinum,
921 3576 1058 3637 quae
1092 3556 1279 3618 altari
1307 3562 1823 3638 superponuntur,
1870 3561 2230 3615 consecrata
2274 3573 2473 3614 sacer-

530 3659 694 3722 dotis
718 3660 938 3742 lingua
956 3669 1022 3722 et
1039 3681 1252 3736 manu,
1272 3669 1486 3722 sancto
1509 3657 1781 3733 Canone,
1803 3658 2237 3739 Redemptoris
2255 3678 2471 3720 veram

529 3785 660 3826 esse
701 3785 954 3827 carnem
997 3774 1062 3826 et
1103 3787 1322 3828 verum
1365 3785 1494 3827 esse
1537 3759 1959 3846 sanguinem.”
2061 3761 2299 3844 Utique
2345 3783 2470 3825 non

531 3868 818 3950 ignotum
845 3879 941 3932 est
969 3879 1203 3952 quanto
1229 3871 1361 3933 zelo
1401 3869 1590 3931 fuerit
1639 3870 1993 3941 insectatuS‚
2038 3875 2225 3947 atque
2270 3876 2471 3928 exter-

529 3975 770 4036 minare
823 3977 1125 4057 sategerit
1176 3996 1210 4037 e
1264 3983 1434 4037 terra
1484 3993 1615 4047 sua,
1668 3973 1853 4034 aliter
1905 3972 2277 4032 sentientem
2331 3993 2471 4053 prae
2557 4020 2563 4025 .

529 4078 811 4141 vitatem.
883 4077 1146 4141 Colebat
1172 4080 1430 4142 devotus
1455 4099 1496 4140 a
1513 4086 1733 4138 tenera
1750 4083 1937 4137 aetate
1958 4095 2134 4137 sacra
2152 4076 2469 4150 solemnia,

529 4182 964 4245 concelebrans
990 4204 1067 4244 ea
1093 4184 1422 4264 saepissime
1449 4203 1590 4244 cum
1620 4180 1973 4261 frequentia
2007 4179 2281 4260 religiosi
2312 4178 2471 4240 Con-

528 4295 769 4363 ventus,
802 4286 989 4361 Cleri,
1037 4290 1166 4350 sive
1207 4286 1691 4349 Coenobitarum.
1780 4283 2044 4346 Senibus
2082 4284 2208 4345 ille·
2224 4286 2473 4365 juvenis
