3192 5050
699 561 818 623 100
1073 576 1288 625 εοΒῙΡ.
1329 576 1574 625 RERUM
1612 577 1805 625 GEsr.
1846 576 2200 637 wamma
2240 581 2287 627 1.

696 740 1072 802 praesumere
1099 730 1166 783 et
1200 721 1374 804 loqui
1401 721 1657 783 solitus:
1712 727 1748 755 “
1772 720 2014 797 Meum,
2060 724 2289 804 inquit,
2317 723 2480 785 sicut
2518 723 2664 786 vilis

699 831 766 885 et
817 824 1099 905 pudendi
1162 823 1446 898 Domini,
1514 825 1775 887 omnino
1847 826 2089 887 abnuas
2151 827 2522 900 dominium,
2590 826 2664 899 si,

696 927 982 1007 patiente
1031 947 1154 1002 me,
1199 929 1442 1009 patrari
1488 928 1706 991 videas
1732 928 1899 1009 quod
1925 926 2213 991 metuis.’'
2296 928 2422 992 Die
2463 928 2665 1011 praefi-

699 1030 856 1104 nito,
932 1028 1424 1093 Cenomanicum
1490 1031 1695 1093 solum
1762 1032 2077 1113 ingressus
2132 1016 2662 1099 ‚Normannorum

699 1142 924 1208 rector,
977 1134 1131 1195 dum
1184 1143 1463 1197 castrum
1517 1135 1686 1216 quod
1738 1136 2017 1197 minatus
2070 1143 2167 1198 est
2217 1138 2428 1218 erigit,
2491 1120 2668 1198 fama

699 1238 1032 1312 referente,
1073 1258 1211 1320 quae
1249 1246 1386 1301 tam
1423 1239 1570 1301 falsi
1595 1259 1787 1320 quam
1826 1240 1962 1302 veri
1988 1241 2223 1302 nuncia
2258 1240 2451 1315 volat,
2496 1239 2667 1304 Gau-

700 1341 950 1403 fredum
973 1340 1348 1404 Mar-tellum
1367 1343 1547 1405 brevi
1567 1342 1989 1405 adventurum
2010 1330 2207 1405 audit.
2272 1342 2668 1426 Quapropter

699 1466 886 1528 opere
929 1446 1374 1508 administrato
1413 1446 1617 1508 hostis
1654 1446 1998 1509 adventum
2038 1467 2276 1529 magna
2312 1449 2670 1510 constantia

700 1557 767 1610 et
807 1548 1138 1611 alacritate
1164 1549 1583 1631 praestolatur.
1668 1548 1870 1631 Quem
1911 1551 2022 1613 ubi
2062 1551 2333 1633 amplius
2369 1553 2667 1633 opinione

697 1654 936 1715 morari
989 1653 1184 1727 videt,
1244 1660 1310 1714 et
1356 1656 1494 1733 jam
1548 1654 1627 1715 de
1680 1654 2061 1716 cibariorum
2114 1657 2381 1738 penuria
2431 1656 2665 1738 plebeii

696 1759 937 1840 pariter
1003 1777 1076 1819 ac
1141 1777 1430 1839 proceres
1495 1766 1984 1839 conqueruntur,
2050 1778 2133 1819 ne
2194 1758 2402 1821 milite
2453 1761 2666 1823 minus

697 1869 991 1943 prompto
1045 1862 1113 1922 in
1166 1860 1453 1923 futurum
1508 1869 1746 1934 utatur,
1798 1862 1989 1923 modo
2042 1861 2366 1924 dimittere
2419 1864 2665 1939 statuit,

700 1973 906 2026 castro
932 1965 1086 2027 viris
1114 1972 1181 2025 et
1207 1964 1526 2026 alimoniis
1549 1965 1830 2037 munit03
1878 1965 2108 2045 jubens
2141 1972 2379 2039 tamen,
2421 1974 2495 2027 ut
2519 1986 2665 2028 cum

697 2069 997 2129 nuncium
1057 2072 1192 2149 ejus
1257 2070 1634 2150 acceperint,
1702 2069 2075 2149 quantocius
2127 2069 2349 2131 eodem
2402 2069 2665 2132 redeant

700 2172 930 2232 cuncti.
1012 2170 1347 2233 Exercitus
1386 2172 1588 2234 nostri
1629 2192 1778 2233 mox
1816 2170 2143 2251 divulgato
2169 2171 2457 2246 discessu,
2487 2170 2665 2234 Mar-

699 2273 888 2335 tellus
915 2275 982 2333 in
1004 2274 1313 2336 auxilium
1333 2296 1515 2337 suum
1537 2274 1853 2355 adjunctis
1872 2273 2227 2348 Willclmo,
2257 2273 2665 2338 Pictavorum

703 2375 972 2450 Comite,
1013 2377 1271 2440 domino
1295 2397 1426 2451 suo,
1467 2386 1534 2439 et
1579 2376 1867 2451 Eudone,
1912 2375 2367 2439 Britannorum
2398 2376 2664 2453 Comite,

697 2500 942 2544 necnon
969 2482 1384 2564 undequaque
1408 2482 1607 2565 copiis
1625 2481 1920 2556 collectis,
1947 2480 2295 2545 Ambreras
2321 2482 2666 2546 contendit.

700 2583 870 2647 Dein
896 2586 1171 2666 praesidii
1197 2587 1326 2648 situ
1351 2595 1418 2648 et
1449 2587 1863 2648 munimentis
1903 2587 2261 2668 perspectis,
2302 2587 2386 2649 ad
2427 2607 2667 2670 oppug-

698 2689 980 2750 nandum
1024 2690 1396 2772 aecingitur.
1505 2689 1749 2752 Parent
1790 2689 2031 2752 vallum
2074 2691 2459 2766 rescindere3
2517 2691 2667 2756 Cas-

698 2793 924 2854 tellani
950 2794 1269 2855 resistunt.
1352 2792 1700 2867 Exardent,
1743 2793 1999 2867 audent,
2043 2795 2501 2875 aggrediuntur
2525 2817 2668 2878 pro-

699 2897 842 2979 pius
868 2904 934 2958 et
973 2897 1212 2959 acrius·
1266 2903 1547 2957 certatur
1591 2896 1887 2977 utrinque
1923 2915 2160 2977 magna
2204 2899 2289 2959 vi.
2372 2897 2666 2976 Missilia,

699 3020 868 3074 saxa,
911 3000 1151 3062 libriles
1193 3000 1393 3073 sudes,
1446 3000 1605 3060 item
1650 2998 1885 3060 lanceae
1929 2999 2196 3082 desuper
2235 2999 2492 3063 feriunt.
2576 3001 2667 3066 Iis

700 3105 984 3186 plerique
1011 3104 1380 3186 interempti
1407 3103 1663 3178 cadunt,
1691 3103 1804 3164 alii
1823 3103 2233 3185 repelluntur.
2318 3103 2424 3166 Sic
2446 3107 2669 3168 audaci

700 3207 1026 3270 molimine
1079 3215 1322 3270 cassato
1373 3206 1549 3268 aliud
1602 3206 1932 3288 incipiunt.
2080 3204 2361 3269 Tentant
2412 3228 2666 3270 murum

699 3314 918 3386 ariete,
959 3313 1068 3394 qui
1092 3331 1416 3395 percussus
1441 3312 1510 3372 in
1546 3312 1733 3392 virga
1760 3308 2263 3373 castellanorum
2290 3310 2627 3394 frangitur.

783 3415 1044 3478 Interea
1083 3417 1340 3497 cognito
1381 3414 1597 3477 labore
1653 3434 1907 3476 suorum
1960 3415 2337 3477 munitionis
2369 3415 2668 3480 fundator

700 3519 1086 3593 willelmus,
1141 3519 1348 3581 omnis
1398 3538 1592 3580 morae
1645 3517 1985 3599 impatiens
2031 3526 2253 3580 evocat
2300 3521 2666 3594 exercitum,

698 3623 1076 3684 subventum
1096 3623 1189 3683 ire
1211 3641 1399 3703 quam
1427 3623 1703 3682 maxime
1723 3627 2039 3703 properat.
2110 3619 2312 3702 Quem
2338 3630 2668 3703 postquam

698 3726 961 3799 inimici,
988 3733 1119 3788 tres
1144 3726 1306 3788 adeo
1328 3725 1642 3788 nominati
1669 3725 1949 3797 comites,
1997 3724 2365 3805 adequitare
2404 3727 2669 3807 percipi-

699 3837 836 3902 unt,
862 3830 1028 3891 mira
1063 3829 1406 3902 celeritate,
1443 3850 1524 3890 ne
1551 3829 1759 3890 dicam
1795 3829 2049 3910 trepida
2074 3828 2244 3910 fuga,
2272 3849 2416 3889 cum
2442 3831 2669 3891 imma-

699 3933 886 3994 nibus
927 3934 1305 3996 exercitibus
1344 3932 1730 3994 dilabuntur.
1814 3929 2043 3994 Victor
2088 3930 2478 3995 Gaufredum
2524 3930 2667 3994 Me-

699 4035 1080 4096 duanensem
1109 4057 1144 4097 e
1171 4037 1441 4118 vestigio
1467 4035 1636 4099 bello
1663 4035 1941 4110 adortuS,
1970 4036 2078 4116 qui
2104 4029 2347 4098 domini
2384 4034 2663 4097 furorem

697 4138 1004 4219 praecipue
1045 4140 1326 4203 incendit
1366 4139 1620 4224 querela
1662 4138 1942 4220 praefata,
1983 4140 2155 4202 intra
2180 4139 2480 4234 exiguum
2506 4146 2667 4201 tem-
