3192 5050
665 565 744 630 80
1064 587 1278 635 semp.
1307 588 1552 636 RERUM
1577 589 1769 638 ensr.
1800 592 2153 640 w1LLELM1
2182 595 2229 641 1.

662 727 943 792 decebat.
1025 729 1200 793 Hinc
1226 733 1428 794 virilis
1454 734 1520 793 in
1541 755 1617 796 eo
1644 735 1892 797 animus
1918 746 1986 798 et
2009 739 2213 801 virtus
2238 736 2625 799 enitescebat

661 833 921 913 egregia
945 833 1342 896 claritudine.
1426 836 1603 898 Hinc
1628 859 1901 919 namque
1929 860 2174 903 summo
2200 841 2409 902 studio
2436 841 2625 920 coepit

662 932 960 997 Ecclesiis
1013 934 1138 999 Dei
1183 941 1586 1019 patrocinari,
1640 961 1857 1002 causas
1904 943 2349 1023 impotentium
2402 943 2623 1015 tutari,

654 1039 814 1117 jura·
846 1039 1167 1120 imponere
1205 1061 1342 1122 quae
1394 1063 1521 1103 non
1567 1053 1930 1124 gravarent,
1958 1047 2200 1126 judicia
2250 1045 2456 1107 facere
2486 1065 2626 1126 quae

659 1161 1054 1224 nequaquam
1076 1146 1157 1206 ab
1183 1147 1480 1227 aequitate
1499 1147 1603 1209 vel
1621 1151 2046 1230 temperantia
2064 1150 2411 1212 deviarent.
2493 1147 2624 1210 Im-

657 1247 879 1326 primis
904 1249 1236 1329 prohibere
1263 1251 1475 1324 caedes,
1517 1251 1827 1324 incendia,
1858 1253 2129 1333 rapinas.
2211 1252 2424 1315 Rebus
2450 1253 2620 1313 enim

659 1349 899 1412 illicitis
924 1353 1126 1413 nimia
1163 1353 1414 1434 ubique,
1455 1362 1528 1415 ut
1567 1375 1756 1436 supra
1796 1356 2137 1431 docuimus,
2178 1356 2439 1418 licentia
2477 1356 2619 1417 fuit.

658 1452 947 1534 Denique
975 1456 1164 1537 coepit
1189 1459 1448 1520 omnino
1475 1478 1516 1519 a
1535 1458 1974 1522 familiaritate
1997 1481 2109 1522 sua
2128 1481 2447 1522 removere
2467 1480 2623 1540 quos

659 1558 983 1637 imperitos
1035 1567 1148 1620 aut
1199 1580 1425 1640 pravos
1477 1562 1860 1625 dinoscebat.
2001 1563 2618 1646 Sapientissimorum

656 1680 806 1723 vero
871 1661 1376 1744 optimorumque
1442 1665 1718 1726 consiliis
1784 1667 1900 1739 uti,
1994 1668 2273 1728 externis
2348 1667 2621 1727 inimicis

655 1764 908 1827 fortiter
987 1767 1294 1840 resistere,
1369 1768 1672 1849 obsequia
1750 1769 1966 1831 debita
2030 1790 2071 1832 a
2136 1771 2264 1832 suis
2328 1778 2621 1853 potenter

653 1871 922 1951 exigere.

733 1971 939 2054 Quum
991 1972 1138 2034 haeov
1169 1973 1356 2035 initia
1427 1995 1609 2036 suum
1654 1971 2047 2056 splendorem
2096 1974 2508 2039 Normanniae
2552 1984 2619 2038 et

653 2077 900 2156 antiqui
927 2084 1128 2138 status
1152 2077 1684 2158 tranquillitatem
1718 2081 1743 2159 j
1750 2099 1854 2140 am
1882 2080 2235 2154 redderent,
2263 2087 2328 2141 et
2355 2079 2611 2141 m‘eliora

651 2182 1115 2262 promitterent,
1181 2182 1362 2243 bonis
1423 2183 1839 2264 obsequenter
1884 2185 2255 2264 juvantibus
2306 2193 2615 2246 rectorem

651 2292 950 2346 consueta
973 2283 1270 2346 libertate
1309 2285 1568 2366 perfrui,
1609 2286 1934 2348 malebant
1974 2288 2231 2368 quidam
2273 2307 2387 2368 pro
2425 2286 2615 2348 libitu

651 2410 766 2450 sua
803 2390 1096 2462 retinere,
1151 2387 1362 2450 aliena
1401 2389 1691 2469 diripere.
1795 2389 2007 2471 Hujus
2044 2391 2313 2452 vesaniae
2353 2391 2619 2472 signifer

649 2492 942 2574 prosiluit
983 2491 1210 2565 GuidO,
1262 2490 1430 2554 filius
1486 2491 2017 2575 Burgundionum
2074 2491 2357 2568 Comitis,
2420 2493 2615 2576 Bagi-

649 2596 845 2670 naldi,
886 2596 994 2677 qui
1020 2595 1408 2658 validissima
1447 2605 1677 2670 castra,
1717 2595 2047 2659 Brionium
2090 2606 2156 2658 et
2196 2596 2615 2673 Vernonium,

651 2700 848 2762 Ducis
874 2700 1038 2761 dono
1063 2700 1344 2773 tenebat,
1385 2720 1426 2761 a
1455 2700 1802 2780 puerilibus
1828 2702 2011 2761 annis
2048 2722 2192 2763 cum
2234 2702 2368 2783 ipso
2408 2703 2615 2765 famil-

650 2804 871 2865 iariter
910 2803 1206 2863 nutritus.
1293 2800 1440 2863 Sed·
1460 2810 1573 2863 aut
1614 2801 2073 2884 Principatnm‚
2112 2813 2226 2865 aut
2265 2806 2613 2868 maximam

651 2907 1006 2989 portionem
1056 2903 1488 2979 Normanniae,
1549 2906 1889 2967 ambiebat.
2004 2904 2231 2968 Secum
2279 2908 2492 2988 itaque
2545 2911 2613 2970 in

650 3013 954 3096 pessimas
1027 3010 1521 3091 conspirationes
1583 3010 1793 3071 univit
1862 3007 2191 3091 Nigellum
2274 3009 2613 3075 Praesidem

656 3114 1055 3179 Constantini
1082 3114 1251 3195 pagi,
1279 3112 1672 3175 Randulfum
1700 3111 2106 3174 Baiocensem
2135 3112 2615 3189 Vicecomitem,

653 3229 719 3282 et
761 3217 1150 3280 Haimonem
1190 3216 1528 3297 agnomine
1569 3214 1945 3289 Dentatum,
2005 3224 2071 3278 et
2110 3215 2267 3277 alios
2306 3225 2612 3299 potentes.

655 3322 806 3386 Non
848 3320 1130 3383 cohibuit
1156 3320 1357 3401 iniqui
1383 3320 1660 3381 hominis
1684 3319 2145 3381 contumaciam
2186 3321 2435 3401 generis
2472 3343 2615 3402 pro-

651 3426 991 3509 pinquitas,
1003 3444 1130 3485 non
1145 3430 1469 3484 tantorum
1485 3422 1935 3485 beneficiorum
1952 3424 2235 3505 impensa
2247 3423 2613 3499 liberalitas,

649 3551 777 3591 non
820 3528 1088 3608 denique
1127 3524 1326 3589 Ducis
1363 3528 1430 3587 in
1470 3547 1617 3588 eum
1658 3528 1901 3589 sincera
1955 3528 2209 3589 dilectio
2248 3548 2614 3609 summaque

650 3630 1108 3695 benevolentia.
1190 3627 1484 3691 Insontes
1524 3630 1757 3691 multos
1803 3650 2123 3705 necavere,
2170 3651 2323 3712 quos
2361 3632 2614 3712 nequic-

650 3756 840 3818 quam
880 3741 1287 3795 tentaverunt
1327 3734 1410 3794 ad
1450 3734 2019 3808 transvertendum,
2059 3733 2160 3795 vel
2196 3754 2349 3815 quos
2386 3735 2613 3815 majori

647 3836 969 3901 obstaculo
996 3837 1117 3898 sibi
1137 3856 1268 3897 esse
1285 3837 1717 3917 pervidebant.
1786 3836 1913 3899 Fas
1931 3838 2183 3918 quidem
2203 3837 2613 3918 negligebant

643 3962 850 4013 omne,
889 3940 1066 4001 nefas
1090 3940 1335 4000 nullum
1364 3941 1647 4002 devitare
1675 3942 2000 4015 curabant,
2028 3941 2367 4003 dummodo
2394 3950 2613 4023 poten-

642 4048 803 4108 tiam
829 4053 1354 4125 consequerentur
1380 4045 1771 4126 ampliorem.
1852 4045 1972 4107 Est
2006 4066 2457 4127 nonnunquam
2476 4046 2611 4107 haec

644 4148 1011 4211 ambitionis
1031 4148 1294 4210 caecitas.
1379 4147 1700 4211 Paulatim
1730 4169 1880 4231 ergo
1906 4151 1973 4210 id
2000 4152 2265 4231 perjurae
2290 4150 2615 4212 societatis
