3192 5050
1011 639 1311 689 ANNALIS
1351 636 1684 685 ms'romA
1724 634 1991 683 saiwis,
2376 618 2493 685 167

537 810 796 851 manum
850 785 1109 851 Ioannis
1161 782 1661 865 Archiepiscopi,
1704 779 2203 843 consecrandam.
2322 777 2496 841 Inibi

531 896 732 961 ‚etiam
785 893 1064 956 instituit
1086 889 1291 973 legem
1332 895 1635 961 sanctam,
1674 886 1912 949 scilicet
1935 906 2016 947 ne
2056 884 2283 967 aliquis
2306 884 2498 947 homo

537 998 812 1078 aliquem
832 996 1152 1058 hominem
1173 991 1509 1055 assailliret
1525 1010 1641 1072 pro
1656 997 1860 1051 morte
1879 986 2142 1069 alicujus
2160 989 2259 1051 sui
2277 1008 2499 1070 paren-

539 1103 641 1175 tis,
667 1101 790 1162 nisi
815 1107 1062 1183 patrem
1088 1104 1200 1159 aut
1226 1094 1429 1157 filium
1456 1092 1891 1155 interfecisset.

620 1206 810 1268 Anno
837 1204 1013 1269 1079.
1060 1200 1215 1265 Obit
1231 1198 1501 1262 Ioannes
1521 1196 2047 1278 Rothomagensis
2068 1196 2501 1278 Archiepisco-

539 1329 674 1391 pus,
755 1307 928 1370 Huic
953 1305 1228 1368 succedit
1265 1301 1635 1366 Willelmus
1674 1300 2201 1382 Rothomagensis
2239 1301 2501 1363 Archie-

540 1414 845 1495 piscopus,
872 1412 980 1492 qui
1020 1409 1230 1471 fuerat
1277 1404 1633 1469 Monachus
1679 1413 1747 1467 et
1792 1406 2012 1467 Abbas
2069 1403 2135 1467 S.
2194 1402 2501 1487 Stephani

547 1516 969 1580 cadomensis.

623 1622 816 1683 Anno
842 1618 1018 1681 1082.
1061 1616 1143 1680 Ι11
1209 1614 1612 1679 Normannia
1675 1620 1741 1675 et
1808 1611 2080 1675 Francia
2150 1613 2505 1676 mortalitas

544 1725 872 1787 hominum
898 1723 1040 1785 fuit.

626 1829 818 1893 Anno
843 1828 1020 1891 1083.
1066 1825 1218 1891 Obit
1248 1825 1541 1888 Matildis
1567 1821 1924 1904 Anglorum
1970 1822 2199 1884 nobilis
2239 1823 2506 1906 Regina,

546 1956 625 1996 ex
663 1936 837 2010 cujus
874 1930 1208 1995 nobilitate
1260 1928 1557 2012 largiflua
1602 1926 1807 1989 multa
1831 1925 1998 2007 apud
2043 1947 2157 1988 nos
2194 1927 2509 1989 habentur

546 2037 868 2099 beneficia.

630 2140 821 2202 Anno
846 2139 1023 2205 1087.
1068 2138 1223 2201 Obit
1266 2135 1634 2198 Willelmus
1674 2132 1815 2196 Rex
1840 2130 2197 2213 Anglorum
2239 2141 2305 2194 et
2358 2132 2508 2195 Dux

554 2244 1088 2317 Normannorum,
1135 2244 1312 2323 cujus
1337 2260 1516 2302 amor
1555 2246 1622 2300 et
1642 2237 1894 2319 justitia
1918 2244 2170 2297 tantum
2197 2237 2403 2318 viguit
2442 2240 2507 2299 in

548 2356 768 2410 sancta
793 2346 1094 2420 Ecclesia,
1122 2346 1286 2427 quod
1313 2344 1578 2406 eandem
1624 2387 2038 2403 .....
2079 2348 2146 2402 et
2186 2339 2327 2404 Deo
2382 2362 2511 2404 ser-

551 2455 721 2517 viret
759 2453 826 2513 in
855 2452 1156 2515 continua
1180 2470 1332 2533 pace
1361 2456 1548 2530 atque
1576 2448 1926 2509 concordia.

634 2558 826 2621 Anno
851 2556 1028 2619 1089.
1072 2555 1224 2618 Obit
1244 2553 1653 2626 Lanfraneus,
1674 2553 1913 2634 primus
1940 2553 2159 2615 Abba-s
2188 2551 2469 2616 Oadomi.

634 2664 826 2726 Anno
852 2661 1027 2723 1091.
1073 2658 1318 2740 Magna
1360 2658 1609 2720 siccitas
1653 2657 1944 2737 gramina
1988 2665 2173 2718 terrae
2226 2659 2513 2739 perussit,

554 2775 796 2850 segetes
821 2773 887 2827 et
911 2764 1236 2847 legumina
1259 2762 1439 2824 laesit.
1522 2759 1761 2844 Quibus
1800 2762 2207 2843 pereuntibus
2236 2764 2515 2824 maxima

554 2873 752 2935 fames
777 2869 1085 2933 successit.

635 2976 826 3036 Anno
852 2972 1029 3035 1096.
1072 2969 1361 3033 Perrexit
1390 2968 1614 3033 Comes
1642 2968 2158 3033 Normannorum
2202 2970 2517 3034 Robertus

557 3081 624 3140 in
653 3075 1075 3149 Hierusalem,
1115 3082 1181 3136 et
1206 3074 1397 3136 multi
1425 3074 1556 3136 alii.

639 3182 828 3244 Anno
854 3178 1032 3241 1099.
1076 3177 1281 3260 Capta
1332 3184 1429 3238 est
1474 3176 1878 3239 Hierusalem
1931 3198 1973 3240 a
2023 3179 2371 3259 peregrinis
2400 3168 2516 3243 ἓν.

558 3285 660 3346 die
688 3284 918 3345 mensis
944 3281 988 3344 J
991 3282 1123 3343 11111.
1193 3280 1299 3342 Ab
1318 3281 1438 3341 hae
1456 3300 1607 3343 vero
1626 3281 1729 3342 die
1748 3282 2125 3362 computatis
2150 3302 2253 3342 xx.
2280 3281 2517 3356 diebus,
2622 3317 2635 3329 ·

557 3389 818 3450 inventa
862 3393 958 3446 est
1003 3383 1173 3446 Crux
1216 3403 1257 3444 a
1302 3383 1673 3465 supradictis
1715 3384 2085 3472 peregrinis,
2109 3382 2403 3446 videlicet
2439 3401 2517 3447 11.

437 3572 443 3578 ·
561 3489 732 3552 Non.
762 3488 1058 3569 Augusti.

638 3593 830 3656 Anno
856 3590 1032 3654 1100.
1078 3589 1328 3653 Occisus
1370 3597 1464 3652 est
1512 3610 1659 3651 casu
1709 3591 1945 3672 sagitta
1971 3592 2036 3652 in
2070 3591 2257 3654 Nova
2287 3591 2521 3654 foresta

560 3694 928 3759 Willelmus
975 3693 1114 3757 Rex
1153 3694 1355 3757 Rufus
1381 3692 1757 3776 Anglorum,
1786 3695 1953 3757 filius
1978 3696 2146 3757 illius
2185 3695 2521 3770 Willelmi,

563 3804 670 3885 qui
710 3803 911 3884 ipsam
951 3808 1187 3862 terram
1227 3799 1621 3880 conquisivit.
1707 3797 1826 3860 Oui
1852 3801 2144 3862 successit
2169 3800 2367 3862 frater
2392 3803 2523 3882 ejus

563 3906 898 3969 Henricus.
987 3902 1066 3965 In
1107 3903 1226 3965 hoc
1264 3904 1399 3983 ipso
1439 3923 1626 3976 anne,
1681 3911 2019 3985 antequam
2060 3905 2178 3968 hoc
2218 3907 2523 3968 evenisset

565 4013 643 4073 de
681 4010 877 4091 Rege,
929 4009 1119 4089 coepit
1157 4028 1264 4068 san
1269 4007 1410 4088 guis
1449 4007 1526 4068 de
1569 4008 1839 4088 quodam
1879 4009 2053 4070 fonte
2093 4009 2417 4070 decurrere
2457 4010 2523 4069 in

565 4119 701 4198 ipsa
727 4113 984 4195 Anglia,
1011 4119 1076 4173 et
1097 4110 1303 4172 multa
1327 4110 1455 4172 alia
1481 4111 1663 4191 signa
1688 4122 2049 4176 evenerunt.

646 4220 836 4282 Anno
862 4214 1038 4277 1101.
1085 4213 1239 4276 Obit
1283 4211 1670 4276 Gislebertus
1705 4214 1924 4278 Abbas
1967 4226 2032 4279 et
2077 4216 2429 4281 Monachus
2459 4216 2525 4280 S.

574 4321 879 4403 Stephani
909 4317 1190 4382 cadomi.
