3192 5050
689 626 807 695 166
1063 647 1275 694 501111».
1316 646 1558 694 RERUM
1597 640 1788 695 anser.
1832 646 2182 696 WILLELMI
2222 650 2269 697 1.

765 791 958 853 Anno
984 790 1160 853 1065.
1206 789 1359 853 Obit
1377 788 1726 853 Edwardus
1752 790 1892 854 Rex
1917 791 2291 873 Anglorum.

767 894 958 956 Anno
999 894 1176 957 1066.
1235 892 1604 956 'willelmus
1655 893 1806 957 Dux
1852 893 2367 957 Normannorum
2413 898 2643 959 transit

688 1018 882 1073 mare,
909 1012 1017 1060 ΙΙΙ.
1056 996 1208 1059 Kal.
1241 995 1460 1062 Octob.
1487 1019 1633 1059 cum
1651 998 1865 1060 valida
1884 997 2402 1062 Normannorum
2429 1021 2641 1062 manu.

695 1100 816 1163 Oui
835 1102 1108 1163 occurrit
1135 1100 1455 1163 Heroldus
1481 1121 1623 1162 cum
1651 1122 1725 1163 eo
1747 1110 2157 1183 pugnaturuS,
2184 1104 2642 1185 commissoque

686 1207 901 1289 praelio
924 1206 1126 1288 pridie
1154 1204 1308 1268 Idus
1332 1204 1638 1280 OctobriS,
1678 1208 1807 1268 ruit
1828 1205 2165 1282 Heroldus,
2192 1210 2443 1289 ejusque
2469 1229 2642 1269 exer-

687 1312 866 1372 citus.
949 1307 1101 1371 Post
1131 1309 1249 1371 hoc
1265 1306 1637 1371 Willelmus
1662 1308 1946 1373 elevatur
1972 1310 2040 1370 in
2065 1331 2279 1392 regem
2308 1311 2409 1372 die
2438 1309 2645 1373 Nata-

684 1416 765 1477 lis
831 1413 1112 1490 Domini,
1178 1415 1346 1497 apud
1399 1412 1818 1489 Lundoniam,
1886 1414 2243 1496 Anglorum
2295 1416 2640 1478 maximam

687 1520 956 1685 urannrlio
981 1622 1157 1687 1067.
1202 1621 1355 1684 Obit
1372 1621 1728 1697 Maurilius,
1746 1620 2274 1703 Rothomagensis
2289 1620 2641 1706 Archiprae-

685 1728 802 1801 sul,
830 1726 1182 1790 Monachus
1209 1724 1664 1787 Fiscannensis.

765 1832 956 1893 Anno
982 1830 1159 1895 1067.
1200 1828 1507 1893 Maurilio
1545 1829 1821 1891 succedit
1855 1828 2142 1904 Ioannes,
2183 1829 2351 1892 filius
2388 1829 2640 1893 Rodulfi

689 1936 955 2001 Comitis
994 1934 1208 1997 fratris
1248 1932 1524 2009 Ricardi,
1552 1936 1660 2015 qui
1710 1936 1884 2016 prius
1936 1936 2312 1997 Abrincensi
2350 1933 2644 1998 Ecclesiae

685 2055 811 2103 VII.
838 2041 1020 2101 annis
1046 2046 1112 2101 et
1137 2039 1340 2100 tribus
1365 2039 1683 2100 mensibus
1707 2038 1977 2119 praefuit.
2058 2038 2148 2101 Et
2174 2047 2390 2121 postea
2414 2048 2641 2121 rogatu

685 2144 1034 2207 Alexandri
1076 2141 1284 2225 Papae,
1325 2144 1703 2205 concedente
1750 2142 2084 2206 Willelmo
2130 2142 2422 2227 Principe
2478 2142 2643 2207 Nor-

683 2268 1059 2309 mannorum
1102 2254 1174 2324 et¹
1213 2266 1360 2328 rege
1407 2245 1787 2328 Anglorum,
1829 2248 2093 2329 adeptus
2144 2256 2239 2311 est
2278 2249 2641 2311 cathedram

685 2351 1212 2433 Rothomagensis
1236 2350 1550 2414 Ecclesiae.

764 2458 955 2520 Anno
982 2457 1157 2523 1073.
1201 2455 1576 2520 Invaserunt
1607 2457 1909 2519 Monachi
1932 2456 1997 2519 S.
2026 2457 2314 2520 Audoe'ni
2336 2458 2641 2521 Ioannem

685 2562 1258 2644 Rothomagensem
1312 2562 1780 2645 Archiepiscop.
1883 2561 2149 2624 Missam
2217 2563 2639 2626 celebrantem

682 2670 750 2728 in
776 2667 1119 2730 festivitate
1146 2668 1421 2748 ejusdem
1449 2669 1669 2741 sancti,
1690 2688 1834 2728 cum
1862 2675 2111 2729 armata
2130 2689 2322 2729 manu
2342 2670 2639 2731 virorum.

682 2769 872 2833 Unde
891 2771 1243 2852 judicatum
1271 2779 1367 2832 est
1393 2772 1460 2830 in
1492 2769 1773 2832 Concilio
1790 2771 1857 2830 in
1874 2770 2092 2832 eadem
2110 2771 2366 2833 civitate
2384 2793 2641 2854 congre-

680 2889 852 2956 gato,
892 2874 1259 2956 praesidente
1289 2872 1463 2955 Rege
1504 2874 1861 2955 Anglorum
1900 2872 2251 2950 Willelmo,
2294 2875 2641 2940 Monachos

679 2979 867 3061 hujus
904 2979 1184 3040 criminis
1222 2998 1360 3040 reos
1398 2998 1510 3061 per
1553 2978 1865 3040 Abbatias
1890 2980 2240 3041 carceribus
2276 2982 2518 3042 retrudi
2557 2983 2640 3043 ad

679 3082 984 3165 placitum
1026 3081 1515 3164 Archiepiscopi.
1599 3081 1758 3144 Inde
1797 3083 2145 3164 complures
2184 3083 2470 3166 discipuli
2509 3085 2641 3147 fue-

681 3195 848 3263 runt,
875 3206 1037 3248 unus
1083 3184 1518 3248 Vurnemarus
1543 3187 1798 3249 nomine
1826 3187 1993 3268 apud
2035 3184 2437 3264 Fiscannum,
2478 3189 2641 3251 alter

679 3293 847 3375 apud
892 3290 956 3354 S.
983 3289 1527 3372 wandregisilum
1566 3294 1821 3353 nomine
1851 3290 2246 3366 BenedictuS,
2286 3293 2449 3355 alter
2474 3297 2640 3376 apud

683 3396 1075 3459 Gemeticum
1129 3395 1382 3456 nomine
1423 3392 1753 3458 Rodulfus.
1836 3394 1981 3457 Hoc
2022 3416 2189 3458 anno
2230 3398 2519 3461 dedicata
2545 3408 2639 3462 est

682 3500 956 3563 Basilica
986 3497 1050 3560 S.
1085 3496 1391 3580 Stephani
1413 3495 1696 3578 Oadomi.

757 3605 949 3666 Anno
975 3601 1151 3667 1074.
1195 3599 1664 3683 Congregatum
1692 3610 1788 3664 est
1817 3600 2168 3665 Concilium
2195 3606 2261 3665 in
2293 3603 2637 3668 Rothoma-

677 3711 856 3790 gensi
894 3708 1069 3781 urbe,
1095 3707 1450 3788 presidente
1476 3704 1812 3768 Willelmo
1849 3706 2202 3788 Anglorum
2232 3707 2427 3790 Rege,
2470 3709 2637 3772 Nor-

677 3832 1052 3875 mannorum
1081 3807 1393 3892 Principe,
1435 3816 1502 3871 et
1529 3807 1768 3872 Ioanne
1799 3810 2287 3894 Archiepiscopo
2326 3834 2468 3875 cum
2510 3816 2636 3876 suis

677 3916 1106 3998 suffraganeis,
1150 3913 1366 3977 Odone
1398 3913 1728 3977 Baiocensi
1754 3915 2083 3999 Episcopo,
2126 3917 2401 3998 Hugone
2431 3917 2636 3982 Luxo-

676 4021 895 4094 viensi,
962 4018 1281 4082 Michae'le
1350 4016 1745 4094 Abrincensi,
1816 4019 2169 4084 Gisleberto
2234 4020 2635 4098 Ebroacensi‚

679 4124 960 4189 Roberto
991 4121 1295 4204 Sagiensi.

757 4227 998 4292 Eodem
1045 4248 1211 4289 anno
1262 4227 1495 4289 obtulit
1546 4226 1913 4290 Willelmus
1953 4228 2091 4291 Rex
2131 4231 2483 4312 Anglorum
2531 4234 2633 4294 die

677 4343 892 4398 sancto
919 4331 1175 4394 Paschae
1201 4332 1268 4391 in
1311 4329 1590 4394 Ecclesia
1618 4329 2021 4395 Fiscannensi
2059 4331 2257 4396 filiam
2284 4356 2481 4411 suam,
2521 4357 2634 4419 per
