3192 5050
729 596 846 659 118
1121 612 1336 661 semp.
1377 610 1619 659 RERUM
1658 594 1846 659 ensr.
1889 610 2235 659 WILLELMI
2278 611 2323 657 1.

733 759 877 821 vide
909 756 1222 818 trutinata
1271 757 1663 820 ordinatione
1718 755 2048 838 praesulum
2100 764 2288 838 atque
2340 756 2677 821 abbatum:

732 862 844 923 sed
889 862 1192 943 praecipue
1247 859 1713 933 Lexoviensem,
1742 860 2165 934 Baiocensem,
2206 860 2677 923 Abrincensem.

737 964 982 1026 Statuit
1007 966 1177 1025 enim
1203 985 1442 1025 summe
1471 964 1724 1027 idoneos
1749 962 2091 1043 pontificeS,
2132 962 2473 1045 Hugonem
2521 963 2681 1025 LeX-

732 1071 882 1143 ovii,
921 1070 1244 1151 proprium
1279 1069 1540 1133 fratrem
1592 1068 1875 1131 Odonem
1930 1066 2324 1149 Bajocarum,
2366 1068 2410 1131 J
2412 1090 2680 1131 oannem

737 1174 1178 1237 Abrincarum.
1260 1173 1538 1257 Quorum
1577 1174 1644 1235 in
1684 1172 1985 1235 electione
2010 1192 2200 1251 penes
2219 1173 2523 1254 judicium
2550 1176 2683 1255 ejus

733 1278 1013 1359 probitas
1038 1278 1314 1358 ipsorum
1339 1277 1560 1351 valuit,
1600 1297 1727 1339 non
1746 1277 2017 1341 altitudo
2035 1276 2345 1338 natalium
2370 1278 2681 1355 proximo-

733 1403 875 1443 rum
928 1383 1067 1461 ipsi.
1148 1380 1417 1444 Ioannes
1444 1380 1765 1461 Radulphi
1794 1379 2057 1445 Comitis
2093 1380 2277 1454 filius,
2304 1368 2681 1461 Jampridem

734 1486 932 1549 laicus
948 1487 1185 1560 ordine,
1203 1487 1483 1547 eruditus
1493 1485 1719 1560 literis;
1745 1484 1947 1559 OlerO,
1973 1486 2103 1549 imo
2122 1486 2467 1547 rectoribus
2495 1483 2682 1560 Cleri,

732 1590 1139 1653 admirandus
1180 1591 1542 1652 innotuerat
1582 1591 1721 1652 vita
1746 1589 2057 1671 religiosa.
2139 1587 2290 1652 Non
2329 1588 2498 1651 illius
2524 1590 2683 1651 desi-

732 1694 914 1755 deria
929 1696 1130 1773 specie
1156 1694 1556 1757 sacerdotalis
1579 1694 1813 1775 gradus
1836 1694 2155 1768 honorem,
2196 1694 2305 1756 sed
2330 1694 2511 1756 illum
2535 1703 2686 1758 vota

735 1798 1066 1878 praesulum
1093 1799 1450 1861 ambierunt
1475 1797 1780 1879 collegam
1796 1798 1915 1859 sibi
1934 1799 2438 1863 consecrandum.
2512 1797 2680 1861 Odo-

735 1923 883 1965 nem
900 1903 982 1965 ab
1001 1904 1182 1964 annis
1199 1902 1542 1982 puerilibus
1559 1902 1941 1980 optimorum
1962 1922 2223 1967 numero
2242 1923 2512 1965 consona
2527 1920 2683 1983 prae·

733 2007 921 2069 conia
944 2006 1325 2086 optimorum
1351 2007 1762 2071 inseruerunt.
1844 2005 2080 2071 Fertur.
2090 2008 2195 2071 hic
2221 2008 2287 2068 in
2314 2008 2685 2089 longinquas

736 2112 1024 2192 regiones
1041 2110 1448 2172 celeberrima
1465 2110 1639 2174 fama
1653 2132 1669 2185 ;
1721 2111 1831 2173 sed
1849 2112 2042 2193 ipsius
2057 2110 2476 2173 liberalissimi
2496 2120 2684 2193 atque

735 2213 1079 2277 humillimi
1105 2214 1308 2277 multa
1330 2222 1399 2276 et
1413 2214 1727 2277 industria
1750 2224 1817 2277 et
1841 2215 2091 2279 bonitas
2106 2214 2375 2297 amplius
2388 2223 2683 2277 meretur.

819 2316 1161 2399 Hugonem
1178 2338 1364 2399 quem
1381 2319 1668 2401 propiore
1684 2318 2119 2383 familiaritate
2135 2318 2685 2399 conspectavimus,

735 2423 982 2484 dictatu
1020 2422 1407 2504 longiusculo
1430 2422 1575 2484 aliis
1600 2422 1880 2485 indicare
1917 2422 2285 2503 neutiquam
2308 2441 2683 2503 gravamur3

734 2529 1034 2610 quoniam
1061 2530 1195 2608 ejus
1220 2527 1643 2607 cognitionem
1684 2527 1827 2590 aliis
1852 2547 1980 2588 non
2019 2527 2379 2589 dubitamus
2402 2525 2685 2608 profutu-

737 2651 898 2693 ram.
981 2630 1048 2693 Is
1091 2629 1396 2692 Richardi
1439 2629 1476 2692 1
1516 2650 1709 2711 nepos
1750 2651 1785 2692 e
1832 2629 1965 2694 filio
2009 2618 2359 2703 willelmo,
2412 2629 2686 2692 Aucensi

738 2733 1008 2808 Comite,
1035 2755 1161 2797 non
1189 2734 1395 2795 minus
1420 2733 1585 2795 bono
1612 2753 1801 2813 quam
1827 2754 2143 2814 generos0‚
2166 2734 2413 2815 juvenis
2438 2754 2479 2796 a
2505 2732 2685 2795 Prin-

735 2839 878 2920 cipe
925 2836 1336 2900 Pontificatus
1381 2837 1448 2896 in
1491 2837 1733 2917 apicem
1786 2844 2132 2917 provectus,
2176 2837 2489 2919 spirituali
2540 2856 2687 2899 mox

733 2942 971 3004 canitie
1007 2942 1256 3003 senibus
1291 2941 1600 3003 maturior
1626 2939 1929 3004 enitebat.
2012 2940 2429 3023 Nequaquam
2462 2941 2569 3003 ille
2604 2941 2686 3002 ob

735 3047 1071 3127 antiquum
1101 3052 1372 3106 stemma
1400 3044 1741 3106 notabatur
1774 3043 2101 3119 fastuosus,
2138 3065 2253 3106 nec
2285 3045 2368 3108 ob
2398 3044 2686 3108 altiorem

735 3150 1031 3232 gradum,
1073 3148 1202 3211 sive
1243 3147 1578 3209 florentem
1613 3155 1891 3222 aetatem,
1922 3150 2136 3213 animo
2166 3157 2279 3212 aut
2318 3149 2536 3223 elatus,
2576 3157 2689 3211 aut

741 3277 854 3337 per
878 3254 1148 3317 lubricas
1172 3253 1526 3336 voluptates
1550 3273 1765 3334 vagus.
1841 3251 2149 3316 Librabat
2174 3255 2461 3335 equidem
2486 3261 2685 3316 stren-

739 3381 827 3422 ua
870 3359 1284 3421 sollicitudine
1324 3379 1516 3439 grave
1567 3377 1815 3440 munus,
1860 3365 2041 3420 caute
2085 3358 2459 3440 gestandum
2509 3378 2682 3421 onus·

743 3465 1020 3546 Propriae
1045 3463 1534 3525 conversationis
1572 3462 1904 3524 directioni
1928 3469 2172 3528 attente
2198 3463 2524 3543 vigilabat,
2545 3464 2684 3544 jugi

733 3590 892 3632 cura
915 3567 1351 3650 speculabatur
1369 3567 1675 3647 pascendo
1700 3567 1916 3647 gregi:
1956 3567 2045 3628 sic
2063 3567 2471 3631 manifestans
2495 3588 2683 3648 quam

737 3683 924 3737 acute
971 3672 1361 3754 praespiceret
1400 3672 1649 3732 interno
1687 3669 1943 3743 lumine,
1984 3672 2152 3751 quod
2188 3691 2433 3734 sacrum
2471 3673 2685 3734 minis-

739 3780 973 3841 terium
1014 3775 1340 3856 acceperit,
1381 3775 1661 3856 regimen
1699 3773 2202 3850 ecclesiasticum,
2242 3797 2367 3838 non
2407 3776 2686 3838 domina-

735 3892 881 3945 tum
923 3881 1025 3945 vel
1055 3881 1374 3943 honorem.
1457 3876 1687 3952 Terris,
1722 3877 2033 3952 thesauro,
2064 3881 2473 3960 pretiosorum
2504 3900 2686 3942 orna—

740 3993 1098 4047 mentorum
1125 3985 1345 4045 decore
1373 3988 1653 4044 sanctam
1680 4002 1967 4063 sponsam
2003 3983 2248 4046 ditavit.
2334 3981 2687 4045 Convenus—

739 4091 908 4153 tavit
934 4108 1074 4150 eam
1100 4088 1325 4148 aedium
1354 4105 1594 4166 quoque
1629 4088 1761 4166 ejus
1792 4093 1973 4148 tanto
2003 4086 2196 4160 cultu,
2231 4094 2305 4148 ut
2338 4088 2689 4169 ambigeret

742 4196 1074 4275 inspector,
1101 4189 1402 4250 meliusne
1429 4209 1595 4251 nova
1621 4198 2064 4270 consurgerent
2102 4197 2215 4252 aut
2237 4198 2486 4253 vetusta
2510 4210 2687 4272 repa-

743 4304 1054 4362 rarentur.
1136 4292 1378 4355 Verum
1406 4295 1471 4354 in
1503 4294 1833 4374 semetipso
1859 4294 2095 4357 dicavit
2119 4295 2179 4356 ei
2206 4296 2415 4358 dotem
2443 4317 2597 4358 auro
2622 4304 2688 4357 et
