3192 5050
687 636 814 701 142
1091 650 1306 698 somn.
1344 648 1586 696 amum
1626 648 1816 697 essr.
1858 646 2210 697 muman
2252 648 2301 696 ι.

689 791 1103 863 ascenditur.”
1184 793 1478 857 Profecto
1527 814 1679 857 non·
1707 794 1805 856 illi
1855 794 2301 857 dominabatur
2353 793 2662 876 regnandi

690 903 928 976 libido;
982 908 1270 963 sanctum
1327 920 1458 962 esse
1505 899 1923 973 intellexerat,
1972 908 2305 981 sancteque
2358 897 2665 979 diligebat

692 1008 970 1089 conjugii
1008 1006 1253 1087 pignus.
1334 1002 1713 1066 Familiares
1752 1012 1975 1066 contra
2026 1024 2291 1077 suasere,
2343 1010 2418 1065 ut
2467 1002 2665 1064 totius

693 1113 1003 1175 exercitus
1037 1110 1323 1173 unanimi
1361 1108 1670 1171 desiderio
1708 1108 1916 1191 optari
1950 1109 2267 1170 sciebant:
2306 1126 2662 1190 quanquam

695 1217 971 1279 rationes
1008 1217 1141 1297 ejus
1166 1214 1447 1295 apprime
1472 1212 1821 1275 laudabiles
1859 1213 2315 1295 dignoscerent,
2331 1233 2409 1273 ex
2435 1228 2665 1273 arcano

695 1320 1032 1383 uberrimae
1051 1319 1378 1401 sapientiae
1412 1326 1760 1379 manantes.

779 1424 1025 1487 Aderat
1075 1422 1222 1484 huic
1273 1421 1534 1484 consilio
1579 1420 1950 1483 Haimerius
1999 1420 2380 1503 Aquitanas,
2429 1416 2669 1481 Praeses

701 1528 1086 1601 Toarcensis,
1103 1527 1326 1608 lingua
1348 1546 1476 1587 non
1497 1526 1835 1607 ignobilior
1849 1546 2037 1607 quam
2056 1526 2297 1587 dextra.
2378 1523 2445 1587 Is
2470 1523 2669 1585 demi-

699 1654 866 1706 rans,
894 1639 964 1694 et
986 1631 1226 1693 urbane
1250 1629 1556 1693 extollens
1579 1631 1952 1693 modestiam
1978 1631 2399 1711 inquirentem
2424 1630 2668 1692 animos

699 1736 998 1809 militum,
1023 1756 1177 1796 num
1201 1733 1437 1797 vellent
1462 1734 1786 1796 dominum
1806 1756 1988 1797 suum
2015 1734 2258 1817 Regem
2284 1733 2463 1796 fieri:
2500 1739 2537 1767 “
2560 1730 2669 1796 Ad

700 1840 1238 1923 disceptationem,
1280 1840 1507 1921 inquit,
1549 1839 1906 1921 hujusmodi
1932 1840 2169 1901 milites
2209 1858 2530 1920 nunquam
2556 1845 2668 1899 aut

701 1964 848 2007 raro
886 1944 1072 2006 acciti
1097 1936 1262 2005 sunt.
1345 1941 1495 2005 Non
1521 1951 1619 2005 est
1643 1945 1752 2005 diu
1776 1942 2157 2006 trahendum
2198 1951 2415 2006 nostra
2437 1942 2673 2004 delibe-

700 2050 969 2123 ratione,
997 2048 1164 2129 quod
1188 2048 1611 2110 desideramus
1635 2046 1774 2110 fieri
1800 2068 1989 2130 quam
2023 2048 2326 2110 ocissime.
2405 2046 2499 2109 At
2524 2067 2671 2129 pru-

701 2154 1052 2215 dentissimi
1077 2160 1144 2215 et
1177 2153 1403 2235 optimi
1428 2153 1553 2215 viri
1577 2172 1973 2235 nequaquam
2000 2153 2095 2214 ita
2118 2159 2416 2233 cuperent
2441 2152 2510 2212 in
2537 2150 2668 2212 alto

702 2258 888 2338 hujus
935 2256 1326 2319 Monarchiae
1367 2257 1549 2319 illum
1595 2257 1809 2331 locari,
1854 2258 1977 2319 nisi
2020 2258 2328 2339 praecipue
2374 2255 2667 2318 idoneum

700 2362 1122 2445 perviderent,
1144 2361 1293 2423 licet
1318 2363 1594 2444 ipsorum
1620 2363 1949 2425 commoda
1972 2370 2039 2423 et
2064 2362 2329 2424 honores
2354 2382 2468 2443 per
2501 2360 2669 2422 exal-

701 2468 1008 2531 tationem
1025 2470 1158 2549 ejus
1177 2468 1395 2550 augeri
1410 2462 1749 2531 volentes.”
1818 2466 1963 2551 Ipse
1978 2468 2210 2529 iterum
2226 2467 2441 2529 omnia
2458 2485 2668 2527 secum

700 2573 1106 2656 perpendens,
1133 2573 1453 2654 adquievit
1479 2581 1578 2635 tot
1603 2553 1960 2655 petentibus
1984 2581 2201 2653 totque
2227 2571 2629 2634 suadentibus
2652 2589 2672 2629 ε

703 2677 1061 2740 Praesertim
1086 2697 1357 2759 sperans,
1385 2678 1495 2740 ubi
1529 2697 1793 2759 regnare
1830 2677 2105 2758 coeperit,
2130 2675 2430 2738 rebellem
2456 2695 2675 2756 quem-

702 2802 823 2864 que
875 2783 1082 2842 minus
1133 2801 1429 2843 ausurum
1474 2782 1543 2842 in
1590 2803 1675 2857 se,
1721 2781 1968 2844 facilins
2017 2780 2465 2843 conterendum
2518 2799 2673 2842 esse.

704 2885 1021 2948 Praemisit
1057 2906 1208 2967 ergo
1236 2883 1656 2961 Lundoniam‚
1681 2887 1789 2968 qui
1814 2887 2231 2948 munitionem
2272 2887 2338 2946 in
2366 2887 2503 2968 ipsa
2525 2905 2673 2946 con-

701 2997 1018 3053 struerent
1053 2991 1232 3064 urbe,
1269 2998 1336 3052 et
1373 2990 1669 3072 pleraque
1707 2992 2127 3073 competentia
2168 2991 2357 3072 regiae
2380 2987 2675 3070 magnifi-

703 3094 928 3156 centiae
990 3103 1448 3175 praepararent:
1521 3103 1882 3158 moraturus
1942 3096 2199 3157 interim
2264 3115 2379 3177 per
2441 3094 2669 3157 vicina.

705 3197 1074 3262 Adversitas
1097 3199 1303 3260 omnis
1326 3198 1542 3281 procul
1567 3199 1711 3274 fuit,
1753 3198 1910 3262 adeo
1935 3207 2009 3260 ut
2048 3199 2307 3261 venatui
2347 3205 2416 3260 et
2454 3198 2671 3261 avium

705 3303 875 3377 ludo,
900 3303 956 3365 si
979 3301 1143 3365 forte
1168 3302 1375 3377 libuit,
1400 3323 1611 3366 oecure
1639 3312 1913 3366 vacaret.

786 3406 913 3471 Die
938 3407 1321 3471 ordinationi
1347 3407 1597 3471 decreto
1624 3409 1900 3472 elocutus
1924 3409 2008 3471 ad
2033 3408 2279 3490 Anglos
2306 3406 2669 3471 condecenti

705 3531 990 3575 sermone
1030 3509 1444 3580 Eboracensis
1483 3513 2021 3597 Archiepiscopus,
2076 3514 2438 3596 aequitatem
2484 3511 2671 3574 valde

709 3635 949 3692 amans,
974 3636 1112 3678 aevo
1136 3624 1442 3692 maturus,
1466 3619 1730 3699 sapienS,
1756 3619 1976 3694 bonuS,
2002 3619 2385 3700 eloquens3‘
2388 3623 2499 3679 ‘an
2524 3636 2670 3678 con-

711 3723 1019 3782 sentirent
1085 3740 1230 3782 eum
1295 3722 1417 3783 sibi
1484 3720 1833 3784 Dominum
1915 3720 2256 3798 coronari,’'
2323 3721 2672 3803 inquisivit.

715 3823 1058 3888 Protestati
1111 3833 1270 3888 sunt
1327 3826 1595 3888 hilarem
1648 3848 2015 3890 eonsensum
2080 3827 2357 3891 universi
2407 3827 2673 3887 minime

713 3930 1098 4004 haesitantes,
1133 3947 1207 3992 ac
1245 3931 1299 3992 si
1332 3930 1573 3993 coelitus
1604 3952 1732 3994 una
1764 3941 1979 3994 mente
2020 3933 2173 3995 data
2212 3952 2458 4014 unaque
2498 3951 2673 3993 voce.

717 4032 1072 4113 Anglorum
1097 4033 1412 4096 voluntati
1439 4053 1629 4116 quam
1655 4036 1952 4099 facillime
1981 4035 2341 4100 Normanni
2374 4055 2677 4098 consonu-

599 4176 603 4182 -
713 4143 936 4197 crunt:
995 4138 1409 4201 sermocinato
1454 4139 1537 4200 ad
1581 4160 1687 4202 eos
1732 4161 1807 4203 ac
1851 4143 2229 4203 sententiam
2270 4145 2679 4223 percunctato

717 4220 1117 4303 Constantini
1164 4239 1452 4304 Praesule.
1535 4241 1849 4319 Ceterum,
1882 4247 1991 4326 qui
2014 4247 2183 4308 circa
2221 4245 2673 4308 monasterium

712 4347 784 4410 in
808 4344 1004 4406 armis
1025 4353 1095 4407 et
1117 4347 1293 4427 equis
1308 4348 1594 4429 praesidio
1620 4349 1907 4431 dispositi
1931 4350 2202 4428 fuerunt,
2217 4352 2450 4433 ignotae
2474 4350 2679 4411 nimio
