3192 5050
783 668 1000 717 GESTA
1039 668 1392 716 WILLELMr
1429 668 1634 717 DUOIS
1673 666 2221 719 NORMANNORUM.
2362 653 2481 720 147

529 812 750 875 edictis
791 814 1082 875 coe'rcuit.
1167 812 1348 875 Tutae
1374 821 1558 876 erant
1583 834 1625 876 a
1660 815 1727 877 vi
1752 814 2064 889 muliereS,
2092 834 2281 895 quam
2321 834 2483 896 saepe

529 924 840 979 amatores
866 916 1167 980 inferunt.
1248 917 1466 980 Etiam
1503 918 1619 980 illa
1643 918 1893 992 delicta,
1921 939 2057 1000 quae
2084 916 2309 979 fierent
2335 938 2483 979 con-

529 1040 709 1081 sensu
736 1021 1213 1103 impudicarum,
1247 1021 1525 1083 infamiae
1544 1022 1947 1103 prohibendae
1962 1022 2171 1104 gratia
2186 1022 2487 1084 vetaban-

529 1130 652 1184 tur.
735 1122 966 1186 Potare
989 1124 1262 1186 militem
1295 1125 1363 1186 in
1404 1125 1687 1187 tabernis
1712 1146 1840 1187 non
1864 1125 2139 1187 multum
2164 1126 2486 1199 concessit,

529 1226 824 1307 quoniam
862 1227 1134 1291 ebrietas
1163 1227 1365 1302 litem,
1406 1228 1486 1290 lis
1525 1228 1935 1290 homicidium
1967 1228 2124 1291 solet
2164 1248 2486 1310 generare.

533 1327 884 1392 Seditiones
898 1331 1246 1405 interdixit,
1261 1331 1493 1392 caedem
1509 1339 1576 1393 et
1590 1352 1843 1415 omnem
1861 1333 2177 1413 rapinam3
2198 1331 2489 1406 fraenans,

527 1440 602 1494 ut
625 1433 886 1515 populos
923 1434 1134 1508 armis,
1175 1435 1271 1496 ita
1295 1434 1539 1517 legibus
1564 1455 1763 1498 arma.
1843 1434 1886 1498 J
1889 1436 2119 1511 udices,
2160 1436 2269 1517 qui
2292 1434 2489 1516 vulgo

526 1536 806 1599 militum
850 1544 1057 1599 essent
1108 1538 1343 1612 timori,
1394 1539 1724 1601 constituti
1776 1547 1957 1614 sunt3
2012 1539 2200 1601 simul
2250 1540 2489 1601 acerbae

527 1662 725 1723 poenae
750 1642 818 1702 in
843 1662 949 1704 eos
974 1642 1083 1724 qui
1123 1642 1555 1724 delinquerent
1591 1644 1855 1706 decretae
1881 1652 2061 1707 sunt:
2104 1664 2303 1725 neque
2330 1643 2488 1706 libe-

528 1747 660 1808 rius
702 1744 771 1809 N
771 1747 1062 1809 ormanni
1104 1766 1292 1828 quam
1321 1746 1619 1809 Britanni
1645 1748 1748 1810 vel
1776 1749 2088 1830 Aquitani
2134 1768 2320 1829 agere
2346 1769 2487 1831 per-

528 1851 964 1913 mittebantur.
1050 1850 1426 1934 Scipionem,
1466 1852 1743 1934 aliosque
1770 1853 2003 1934 priscos
2030 1851 2239 1915 Duces
2265 1874 2489 1935 propo-

528 1964 690 2017 nunt
715 1956 1073 2030 imitandos,
1100 1956 1209 2037 qui
1234 1955 1313 2018 de
1338 1956 1671 2038 disciplina
1689 1956 1955 2019 militari
1974 1957 2223 2038 scriptis
2240 1958 2487 2019 docent.

530 2059 792 2122 Prorsus
843 2080 1016 2142 aeque
1055 2067 1168 2121 aut
1212 2059 1352 2141 plus
1396 2060 1715 2122 laudanda
1752 2060 2041 2141 exempla
2082 2061 2164 2122 ab
2210 2061 2488 2121 exercitu

530 2162 847 2226 Willelmi
872 2162 1066 2244 Regis
1090 2164 1159 2223 in
1174 2178 1469 2245 promptu
1487 2171 1582 2224 est
1606 2164 1904 2244 accipere.
1990 2161 2116 2224 Sed
2133 2162 2487 2225 festinando

530 2268 809 2349 dicamus
849 2266 996 2340 alia,
1021 2286 1102 2328 ne
1123 2266 1232 2326 diu
1272 2266 1722 2348 suspendamur
1746 2286 1788 2327 a
1811 2266 2219 2328 memorando
2259 2267 2489 2341 reditu,

532 2391 717 2452 quem
735 2369 1134 2432 Normannia
1148 2370 1395 2432 intenta
1412 2370 1805 2451 expectabat.
1867 2368 2149 2432 Tributis
2168 2378 2231 2433 et
2249 2372 2489 2433 cunctis

530 2473 1056 2556 rebusadregium
1065 2470 1284 2535 fiscum
1294 2473 1643 2548 reddendis,
1662 2473 1916 2536 modum
1930 2474 2037 2555 qui
2051 2494 2178 2536 non
2194 2484 2489 2556 gravaret

530 2579 738 2661 posuit
757 2599 774 2652 ;
814 2577 1177 2652 latrociniis,
1197 2578 1641 2651 invasionibus,
1660 2575 1987 2639 maleficiis
2011 2577 2216 2640 locum
2235 2599 2487 2641 omnem

531 2685 705 2747 intra
755 2703 897 2746 suos
947 2683 1251 2745 terminos
1316 2681 1673 2764 denegavit.
1796 2680 2025 2744 Portus
2076 2691 2142 2745 et
2196 2684 2491 2766 quaelibet

529 2788 762 2850 itinera
801 2788 1298 2869 negotiatoribus
1339 2795 1576 2869 patere,
1620 2795 1687 2849 et
1728 2787 1970 2850 nullam
2013 2788 2311 2868 injuriam
2350 2786 2489 2850 fieri

525 2893 730 2974 jussit.
811 2891 1216 2954 Pontificium
1248 2891 1561 2974 Stigandi,
1589 2892 1756 2973 quod
1780 2900 2044 2954 noverat
2069 2912 2196 2954 non
2236 2893 2492 2954 canoni-

530 3017 694 3071 cum,
757 2997 1019 3057 minime
1084 2997 1432 3077 probabat:
1513 2997 1624 3058 sed
1692 2995 2042 3078 Apostolici
2108 2997 2487 3058 sententiam

530 3108 860 3182 expectare
909 3099 1156 3174 melius,
1197 3120 1386 3181 quam
1437 3101 1873 3182 properantius
1926 3101 2234 3181 deponere
2276 3101 2489 3161 existi-

531 3205 769 3266 mabat.
853 3202 1218 3266 Suadebant
1235 3211 1302 3264 et
1317 3203 1458 3265 aliae
1473 3205 1767 3277 rationes,
1786 3211 1860 3266 ut
1880 3203 1963 3264 ad
1981 3212 2228 3286 tempus
2245 3211 2491 3285 patere-

531 3317 639 3370 tur
673 3315 860 3388 atque
895 3305 1232 3370 honorifice
1278 3307 1541 3369 haberet
1585 3306 1787 3381 illum,
1826 3310 2003 3388 cujus
2040 3308 2209 3370 inter
2247 3308 2349 3393 An
2352 3307 2493 3388 glos

535 3413 876 3475 auctoritas
899 3419 1038 3474 erat
1064 3429 1327 3472 summa.

618 3515 698 3578 In
713 3515 856 3578 sede
874 3514 1371 3596 Metropolitana
1388 3513 1819 3577 meditabatur
1837 3523 2122 3578 sanctum
2138 3516 2290 3589 vita,
2317 3514 2491 3578 fama

535 3622 817 3694 charum,
853 3619 1214 3700 eloquentia
1239 3618 1439 3680 divini
1462 3618 1640 3681 verbi
1664 3626 2007 3700 potentem,
2035 3621 2141 3701 qui
2173 3617 2491 3700 Suffraga-

535 3727 670 3789 neis
690 3723 1015 3806 Episcopis
1037 3741 1377 3804 congruam
1397 3722 1667 3785 formam
1687 3723 1981 3805 praebere,
2009 3731 2077 3784 et
2092 3722 2245 3786 ovili
2266 3719 2489 3784 Domi-

537 3833 680 3893 nico
731 3849 990 3911 praeesse
1035 3829 1240 3902 sciret,
1281 3829 1640 3909 cunctisque
1687 3827 1975 3910 prodesse
2002 3834 2259 3909 cuperet
2284 3826 2492 3888 studio

538 3935 850 4019 vigilanti.
931 3934 1098 3996 Item
1141 3933 1218 3994 de
1245 3933 1746 3995 ordinationibus
1771 3931 2039 3994 aliarum
2066 3930 2489 3993 Ecclesiamm

540 4040 1007 4124 praecogitabat.
1091 4035 1364 4100 Omnino
1393 4036 1592 4119 proba
1634 4038 1767 4116 ejus
1809 4036 1878 4095 in
1930 4035 2251 4117 regnando
2302 4035 2494 4098 initia

543 4145 735 4207 fuere.

621 4247 924 4330 Egressus
949 4269 984 4310 e
1012 4245 1363 4320 Lundonia,
1406 4245 1538 4306 dies
1578 4244 1830 4326 aliquot
1864 4246 1926 4305 in
1974 4246 2319 4326 propinquo
2354 4244 2493 4306 loco

543 4354 908 4415 morabatur
934 4351 1280 4432 Bercingis,
1305 4351 1457 4411 dum
1484 4348 1887 4411 firmamenta
1914 4349 2197 4431 quaedam
2230 4349 2295 4407 in
2334 4347 2489 4408 urbe

545 4465 767 4519 contra
789 4447 1209 4518 mobilitatem
1235 4455 1510 4536 ingentis
1537 4475 1611 4515 ac
1638 4455 1756 4516 feri
1784 4452 1998 4536 populi
2024 4450 2487 4534 perficerentur.
