3192 5050
687 589 764 650 50

1047 601 1259 650 scmP.
1303 599 1545 646 RERUM
1585 598 1777 646 GEST.
1822 595 2174 643 WILLELMI
2246 595 2291 639 1.

771 745 1142 810 Pontificale
1169 746 1374 818 decus,
1413 742 1795 807 venerabilis
1824 749 2013 822 atque
2040 744 2295 801 senatus

852 850 1154 932 Undique
1180 849 1564 912 conveniunt
1581 848 1751 928 regis
1776 846 1861 908 ad
1884 843 2179 906 officium.

771 955 874 1018 Ex
893 957 993 1016 his
1020 955 1279 1036 eligitur
1304 953 1529 1036 praesul
1547 952 1989 1014 celeberrimus
2015 967 2195 1020 unus,

853 1057 1146 1121 Moribus
1164 1059 1428 1140 insignis
1449 1066 1516 1118 et
1541 1057 1862 1138 probitate
1884 1053 2117 1126 cluens,

772 1163 896 1246 Qui
922 1184 1137 1244 regem
1165 1170 1370 1224 sacret
1397 1161 1584 1223 simul
1612 1169 1681 1222 et
1704 1157 2007 1221 sacrando
2028 1163 2304 1228 coronet,

855 1265 945 1328 Et
972 1265 1184 1348 regale
1211 1273 1402 1346 caput
1428 1271 1763 1326 stemmate
1790 1261 2107 1324 nobilitet.

781 1369 964 1432 Illius
990 1370 1275 1448 imperio,
1313 1367 1502 1431 solito
1527 1368 1607 1430 de
1634 1385 1813 1429 more
1834 1367 2137 1445 priorum,

855 1472 1008 1535 Bini
1031 1480 1356 1552 ponuntur
1371 1469 1783 1552 magnificare
1812 1468 2060 1532 Deum:

780 1575 951 1638 Ordo
977 1575 1341 1648 cucullatus,
1381 1575 1583 1636 clerus
1608 1593 1755 1636 cum
1779 1570 2131 1653 pontificali

859 1677 1226 1740 Nobilitate
1246 1685 1474 1758 petunt
1499 1677 1743 1756 templa
1766 1677 1965 1738 beata:
1986 1674 2183 1736 Petri.

779 1781 952 1843 Ante
979 1781 1239 1842 ferendo
1262 1801 1481 1842 cruces
1501 1779 2121 1861 sequitui-,processio
2147 1777 2328 1851 cleri,

862 1884 1014 1948 Post
1041 1886 1280 1947 clerum
1304 1885 1516 1965 pergit
1540 1883 1902 1964 pontificale
1930 1885 2139 1945 decus,

781 1987 940 2063 Rex,
979 1989 1188 2051 multa
1211 1990 1637 2070 comitumque
1666 1989 1895 2050 ducum
1917 1987 2205 2049 vallante
2233 1993 2507 2060 caterva,

863 2093 1150 2156 Ultimus
1175 2093 1416 2156 incedit
1441 2113 1586 2154 cum
1614 2094 1881 2172 strepitu
1907 2092 2142 2172 populi.

785 2196 967 2259 Illius
994 2205 1060 2259 et
1086 2198 1376 2258 dextram
1404 2205 1718 2260 sustentat
1744 2196 2167 2275 metropolita,

864 2301 970 2362 Ad
996 2301 1204 2363 levam
1232 2302 1524 2382 graditur
1550 2301 1715 2364 alter
1732 2301 1969 2364 honore
1996 2302 2155 2383 pari.

787 2404 1031 2466 Taliter
1057 2405 1383 2467 ecclesiam
1410 2405 1628 2468 laudes
1653 2406 2035 2468 modulando
2061 2406 2328 2490 requirit

868 2508 1007 2573 Rex
1033 2517 1101 2571 et
1125 2509 1406 2591 regalem
1433 2504 1687 2571 ducitur
1714 2510 1796 2573 ad
1822 2510 2211 2573 cathedram.

788 2613 1114 2676 Laudibus
1137 2613 1422 2693 expletis,
1461 2615 1655 2675 turba
1679 2616 1985 2675 reticente
2016 2636 2267 2690 canora,

871 2718 1116 2781 Indixit
1140 2737 1360 2797 pacem
1381 2726 1607 2779 cantor
1630 2726 1699 2779 et
1724 2726 1799 2779 ut
1824 2719 2073 2781 sileant.

791 2820 1116 2885 Conticuit
1140 2820 1362 2895 clerus,
1387 2822 1772 2899 compescuit
1794 2843 1912 2885 ora
1936 2833 2189 2887 senatus
2208 2846 2233 2899 ς

870 2926 1022 2989 Non
1050 2934 1146 2989 est
1173 2926 1428 2987 auditus
1452 2925 1619 2987 u'llus
1645 2926 1729 2988 ab
1754 2947 1861 2988 ore
1889 2947 2093 2991 sonus.

793 3029 1204 3092 Nol-mannus
1227 3028 1485 3110 quidam
1511 3029 1737 3108 praesul
1762 3052 1913 3093 mox
1934 3032 2185 3113 pulpita
2210 3037 2533 3109 scandens,

874 3133 1162 3197 Famosis
1192 3132 1394 3197 Gallis
1420 3132 1580 3195 tal-ia
1604 3134 1803 3197 verba
1827 3135 2040 3197 dedit:

792 3247 830 3275 “
854 3240 1122 3303 Oblatus
1145 3239 1324 3302 vobis
1351 3238 1405 3299 si
1431 3258 1542 3299 rex
1569 3238 1797 3317 placet,
1824 3240 1993 3302 edite
2018 3244 2239 3306 nobis:

872 3344 1164 3406 Arbitrio
1190 3342 1384 3406 vestri
1403 3361 1555 3403 nam
1581 3342 1763 3403 decet
1790 3344 1909 3406 hoc
1935 3342 2134 3407 fieri.'‘

793 3446 1116 3511 Concessit
1139 3446 1424 3526 populuS,
1451 3445 1653 3507 clerus
1678 3446 1856 3509 favet
1880 3456 2069 3530 atque
2096 3461 2349 3515 senatus
2370 3475 2387 3527 ;

875 3552 1057 3635 Quod
1081 3571 1369 3613 sermone
1393 3551 1635 3632 nequit,
1662 3552 1872 3613 innuit
1898 3561 1965 3614 et
1988 3557 2300 3619 manibus.

801 3657 1023 3721 Sermo
1047 3664 1378 3736 peroratur
1401 3663 1546 3734 post
1571 3655 1753 3716 illum
1780 3659 2233 3737 metropolitae:

877 3762 1038 3825 Haec
1063 3762 1285 3823 eadem
1312 3760 1538 3841 lingua
1560 3759 1829 3839 protulit
1854 3761 2239 3844 Angligena.

745 3832 752 3840 ·
803 3868 1020 3949 Spirat
1045 3874 1310 3948 utraque
1337 3884 1578 3937 manus,
1605 3864 1847 3939 laudat,
1870 3868 2137 3944 spondet
2162 3869 2476 3948 famulari,

879 3972 1132 4035 Annuit
1155 3992 1236 4033 ex
1253 3977 1391 4031 toto
1416 3968 1605 4030 corde
1629 3969 1877 4030 subesse
1902 3970 2045 4031 sibi.
2163 3946 2177 3995 ἲ

801 4076 1189 4141 convertens
1215 4082 1498 4136 sanctam
1525 4092 1590 4133 se
1618 4092 1899 4135 summus
1922 4075 2150 4152 praesul
2177 4078 2261 4139 ad
2286 4098 2465 4142 aram

878 4181 1052 4243 Ante
1071 4198 1252 4241 suam
1279 4196 1495 4258 regem
1521 4176 1853 4239 constituit
1878 4176 2106 4238 faciem
2126 4200 2143 4252 ;

801 4286 908 4348 Ad
934 4306 997 4347 se
1023 4280 1352 4363 pontifices
1378 4281 1609 4343 accitos
1637 4286 1983 4360 congregat
2006 4302 2241 4359 omneS,

3134 4006 3177 4079 η’
