3192 5050
714 593 755 656 6
1076 608 1289 656 semp,
1330 609 1575 658 RERUM
1617 609 1822 658 01101..
1853 610 2207 660 1111101111
2279 612 2326 658 1.

718 751 942 814 tudine
957 759 1380 834 pugnatorum
1403 753 1775 829 intraverat,
1789 753 2008 817 volens
2035 753 2340 836 Angliam
2357 771 2541 834 super
2563 750 2690 812 fra-

720 864 887 918 trem
898 876 1080 917 suum
1090 853 1447 918 Heraldum
1460 857 1826 938 conquirere
1837 866 1903 920 et
1913 858 2331 939 conquisitam
2355 856 2688 938 possidere.

724 958 1026 1040 Pugnans
1051 978 1202 1021 vero
1231 956 1553 1020 Heraldus
1594 980 1738 1022 cum
1765 959 1963 1022 fratre
1993 981 2104 1022 suo
2130 959 2450 1021 interfecit
2487 959 2688 1031 illum,

722 1069 789 1124 et
813 1081 919 1122 eos
961 1061 1069 1142 qui
1110 1081 1255 1121 cum
1281 1061 1395 1124 illo
1434 1070 1637 1124 erant.
1723 1060 1873 1125 Non
1907 1083 2131 1144 parum
2159 1063 2371 1143 itaque
2399 1060 2690 1123 exultans

720 1164 1043 1228 Heraldus
1060 1165 1138 1227 de
1153 1164 1274 1226 hac
1287 1166 1557 1228 victoria
1572 1166 1930 1247 ignorabat,
1952 1166 2121 1247 quod
2139 1167 2207 1226 in
2225 1166 2403 1228 brevi
2423 1165 2485 1226 ei
2503 1185 2690 1226 even-

722 1278 939 1332 turum
994 1277 1151 1330 erat.
1236 1267 1443 1350 Quum
1497 1270 1700 1351 igitur
1750 1271 2054 1332 audiisset
2102 1270 2270 1351 quod
2320 1267 2690 1331 Willelmus

724 1372 950 1436 Comes
998 1371 1515 1435 Normannorum
1570 1394 1716 1434 cum
1769 1375 2048 1435 exercitu
2101 1393 2212 1434 suo
2258 1373 2326 1432 in
2382 1371 2688 1451 Angliam

720 1476 1118 1538 transivisset
1155 1495 1345 1556 quam
1374 1476 1561 1537 citius
1586 1477 1797 1556 potuit
1831 1475 2229 1538 Londoniam
2253 1477 2450 1549 venit,
2477 1474 2689 1555 ibique

718 1579 999 1659 loquitur
1024 1598 1167 1639 cum
1195 1574 1401 1640 Danis
1427 1586 1493 1639 et
1520 1576 1770 1658 Anglis,
1797 1598 1952 1660 quos
1976 1599 2184 1640 secum
2220 1578 2517 1650 habebat,
2544 1596 2690 1638 con-

717 1690 1009 1745 temnens
1034 1689 1102 1743 et
1126 1701 1241 1762 pro
1267 1681 1470 1744 nihilo
1497 1681 1728 1743 ducens
1755 1682 2051 1763 quicquid
2074 1681 2410 1744 Willelmo
2453 1679 2690 1744 Oomiti

718 1786 788 1846 in
835 1783 1238 1847 Normannia
1280 1788 1626 1866 juraverat.
1709 1783 1754 1847 J
1755 1785 1913 1846 ussit
1953 1805 2172 1847 omnes
2219 1805 2362 1847 suos
2403 1785 2692 1846 homines

719 1889 1021 1951 citissime
1056 1889 1418 1970 praeparari,
1457 1897 1531 1950 ut
1560 1887 1968 1950 Normannos
2004 1910 2148 1950 cum
2185 1908 2297 1950 suo
2334 1888 2490 1950 duce
2516 1887 2689 1951 Wil-

718 1991 930 2066 lelmo,
976 1999 1317 2072 antequam
1364 1990 1443 2052 de
1490 1991 1732 2072 Anglia
1775 1990 2088 2072 fugerent,
2135 1991 2418 2053 invenire
2460 1999 2687 2072 posset.

721 2093 1004 2158 Putabat
1030 2096 1202 2156 enim
1229 2095 1479 2157 insania
1504 2094 1726 2177 plenus
1752 2095 1918 2177 quod
1946 2093 2015 2157 N
2016 2096 2309 2157 ormanni
2341 2115 2470 2158 non
2499 2096 2689 2157 aude-

719 2207 873 2261 rent*
910 2220 1054 2260 eum
1082 2207 1431 2280 expectare,
1459 2219 1575 2260 1100
1602 2198 1687 2261 ad
1711 2218 1990 2280 pugnam
2018 2206 2242 2260 contra
2277 2219 2422 2259 eum
2449 2200 2686 2261 venire.

724 2300 854 2364 Sed
879 2302 1068 2364 aliter
1092 2302 1381 2383 contigit,
1408 2309 1475 2363 et
1490 2321 1618 2363 non
1647 2301 1848 2362 solum
1872 2299 1941 2363 N
1940 2322 2277 2364 ormannos
2295 2303 2559 2376 invenit,
2579 2302 2691 2364 sed

720 2406 1062 2488 pugnando
1104 2414 1327 2469 contra
1371 2404 1778 2468 Normannos
1819 2413 2113 2486 expertus
2159 2413 2272 2480 est,
2314 2407 2480 2487 quod
2522 2405 2591 2469 N
2590 2428 2690 2470 or-

720 2511 943 2573 manni
984 2530 1113 2573 non
1154 2517 1488 2592 propterea
1529 2509 1599 2571 in
1627 2507 1934 2590 Angliam
1976 2510 2578 2591 transnavigassent,
2615 2519 2691 2574 ut

720 2613 869 2675 inde
895 2612 1114 2694 fugere
1140 2612 1397 2675 veHent.
1481 2609 1804 2673 Heraldus
1821 2612 2034 2693 itaque
2055 2634 2198 2675 cum
2219 2614 2395 2675 omni
2411 2615 2688 2676 exercitu
2743 2622 2751 2629 '

721 2736 833 2779 suo
878 2717 1092 2778 exiens
1117 2715 1196 2776 de
1226 2714 1576 2788 Londonia‚
1619 2715 1908 2795 pervenit
1953 2735 2146 2798 usque
2189 2717 2272 2777 ad
2310 2715 2538 2791 locum,
2581 2719 2691 2799 qui

722 2840 889 2882 nunc
932 2827 1195 2883 vocatur
1223 2817 1493 2879 Bellum.
1575 2817 1944 2900 Antequam
1985 2839 2137 2882 vero
2163 2820 2246 2880 ad
2287 2820 2408 2882 11οο
2450 2820 2688 2883 bellum

720 2924 1126 3005 pervenisset,
1180 2921 1384 2982 fertur
1434 2921 1666 2983 dixisse
1720 2921 1887 3003 quod
1937 2921 2180 2983 nullam
2235 2942 2372 2983 rem
2412 2943 2691 3004 unquam

722 3027 1023 3088 libentius
1066 3026 1315 3088 fecisset
1357 3045 1547 3106 quam
1591 3024 1760 3105 quod
1801 3025 1886 3086 ad
1926 3024 2046 3086 1100
2090 3024 2328 3087 bellum
2372 3027 2690 3089 veniebat.

724 3129 1080 3212 Ignorabat
1116 3131 1288 3191 enim
1332 3129 1544 3191 furore
1586 3137 1871 3202 caecatuS‚
1918 3148 2108 3209 quam
2150 3149 2300 3191 vere
2363 3128 2692 3211 Scriptura

724 3234 882 3295 dicit
911 3255 927 3296 t
981 3233 1156 3297 Ante
1183 3234 1435 3294 ruinam
1474 3232 1795 3294 exaltatur
1819 3251 1945 3294 cor.
2027 3232 2200 3295 Ante
2227 3234 2477 3294 ruinam
2519 3233 2690 3295 enim

722 3337 1075 3399 exaltatum
1119 3344 1216 3398 est
1257 3356 1365 3398 cor
1391 3333 1667 3397 Hei-aldi
1692 3335 1918 3409 insani,
1962 3336 2071 3416 qui
2114 3344 2252 3397 tam
2279 3337 2580 3418 insipiens
2625 3344 2694 3399 et

724 3460 923 3505 vanus
935 3439 1079 3514 fuit,
1104 3447 1179 3501 ut
1203 3438 1531 3521 providere
1552 3447 1620 3500 et
1645 3439 1964 3520 sapienter
2003 3438 2360 3521 intelligere
2403 3461 2535 3503 non
2553 3461 2693 3523 pos-

725 3553 823 3609 set
870 3544 1037 3626 quod
1084 3542 1551 3626 Omnipotentis
1633 3542 1759 3605 Dei
1779 3544 2034 3625 justitia
2065 3545 2362 3625 superbos
2387 3552 2456 3606 et
2479 3565 2694 3620 vanos,

722 3649 848 3710 nisi
868 3668 907 3709 a
924 3647 1189 3709 malitiis
1208 3647 1599 3729 resipiscant,
1616 3666 1862 3789 semper
1874 3645 2214 3708 humiliare
2230 3654 2296 3708 et
2314 3647 2399 3710 ad
2414 3646 2689 3709 nihilum

726 3751 1033 3813 deducere
1058 3750 1247 3812 solita
1270 3751 1371 3812 sit.

808 3854 1152 3936 Postquam
1160 3874 1313 3934 ergo
1319 3851 1690 3915 Willelmus
1708 3849 1932 3914 Comes
1941 3861 2007 3915 et
2017 3851 2379 3917 Normanni
2386 3874 2502 3935 pro
2517 3861 2691 3916 certo

727 3958 1177 4022 intellexerunt
1205 3958 1371 4039 quod
1397 3955 1722 4018 Heraldus
1747 3959 2026 4038 perjures
2051 3964 2274 4019 contra
2297 3978 2404 4019 eos
2429 3959 2512 4019 ad
2535 3979 2692 4040 pug-

725 4084 878 4125 nam
904 4062 1168 4134 veniret,
1197 4069 1263 4122 et
1282 4060 1591 4123 veniendo
1618 4079 1683 4121 se
1711 4060 1972 4122 auderet
1985 4082 2358 4143 praeparare,
2382 4082 2694 4143 praepara-

726 4172 958 4230 verunt
1024 4184 1091 4225 se
1146 4163 1285 4244 ipsi,
1338 4170 1413 4224 ut
1477 4162 1704 4224 melius
1753 4171 2113 4244 potuerunt,
2175 4185 2256 4226 ex
2306 4172 2445 4227 toto
2505 4164 2693 4227 corde

727 4271 1090 4332 invocantes
1117 4265 1485 4341 Dominum,
1532 4273 1606 4327 ut
1633 4266 1712 4329 iis
1736 4286 1904 4328 nunc
1930 4267 2184 4347 adjutor
2208 4275 2389 4341 esset,
2435 4287 2552 4330 1100
2587 4287 2694 4330 eos
