3192 5050
711 591 790 652 56
1081 607 1293 654 semp.
1337 605 1579 653 RERUM
1622 607 1811 654 GEST.
1855 609 2207 656 WILLELMI
2250 612 2294 657 1.

710 768 866 809 sum.
953 748 1334 816 Nullatenus
1359 770 1727 812 enumerare
1758 770 2006 830 possum
2034 753 2223 826 mala,
2253 773 2387 834 quae
2414 753 2535 814 feci
2563 773 2677 832 per

708 855 1038 934 sexaginta
1054 863 1324 934 quatuor
1339 875 1552 928 annoS,
1564 856 1787 936 quibus
1804 856 1868 915 in
1887 857 2006 916 hac
2023 877 2355 919 erumnosa
2363 859 2501 920 vita
2514 859 2673 921 vixi:

708 976 822 1035 pro
867 959 1092 1038 quibus
1133 959 1364 1039 absque
1409 978 1590 1019 mora
1625 960 1953 1041 rationem,
1976 961 2235 1022 reddere
2277 982 2443 1022 nunc
2483 982 2675 1042 cogor

705 1061 1056 1140 aequissimo
1089 1062 1304 1141 judici.
1388 1060 1562 1122 Dum
1590 1069 1773 1140 pater
1818 1081 1993 1123 meus
2032 1073 2253 1142 sponte
2280 1063 2675 1144 proficiscens

704 1163 773 1222 in
800 1162 1076 1237 exilium,
1103 1165 1418 1225 commisit
1445 1165 1606 1225 mihi
1636 1163 2048 1226 Normanniae
2068 1166 2385 1240 ducatum,
2404 1167 2673 1229 tenellus

707 1267 901 1328 etiam
937 1286 1092 1346 puer
1118 1275 1336 1346 utpote
1363 1276 1506 1329 octo
1533 1287 1878 1328 annorum:
1920 1288 1998 1329 ex
2026 1289 2149 1348 quo
2167 1277 2450 1348 tempore
2478 1290 2671 1351 usque

706 1390 872 1431 nunc
899 1391 1144 1449 semper
1169 1372 1334 1432 subii
1359 1371 1603 1450 pondus
1630 1391 1969 1444 armorum,
2012 1372 2335 1452 ipsumque
2372 1374 2669 1434 ducatum

704 1473 834 1534 fere
861 1473 1319 1554 quinquaginta
1345 1494 1451 1534 sex
1471 1475 1655 1535 annis
1678 1474 1843 1554 gessi
1868 1474 1935 1532 in
1964 1474 2320 1536 discrimine
2340 1475 2667 1537 bellorum.

708 1575 864 1649 Mei,
899 1577 1122 1656 quibus
1140 1595 1461 1654 praeeram,
1489 1577 1651 1637 mihi
1677 1595 1837 1654 saepe
1864 1576 2145 1637 insidiati
2172 1586 2319 1639 sunt
2344 1583 2411 1640 et
2437 1579 2672 1640 damna

703 1699 1048 1761 gravesque
1087 1681 1350 1760 injurias
1375 1680 1534 1740 mihi
1572 1680 1862 1760 nequiter
1888 1678 2258 1742 intulerunt.
2348 1681 2668 1767 Turketil-

704 1782 838 1844 lum
863 1785 1208 1845 nutricium
1235 1803 1446 1844 meum
1474 1792 1539 1844 et
1564 1781 1915 1844 Osbernum
1948 1779 2239 1844 Herfasti
2271 1781 2473 1845 fiilum
2492 1783 2567 1845 N
2566 1805 2667 1845 or-

704 1887 975 1947 manniae
1047 1886 1420 1964 dapiferum,
1487 1889 1924 1967 comitemque,
1995 1884 2351 1948 Gilbertum
2418 1895 2667 1966 patrem

705 1991 928 2068 patriae
953 2010 1096 2050 cum
1123 1985 1342 2050 multis
1369 1989 1510 2050 aliis
1537 1989 1896 2068 reipublicae
1921 1991 2283 2051 necessariis
2309 1989 2669 2050 fraudulen-

703 2101 804 2154 ter
842 2092 1310 2153 interfecerunt.
1395 2091 1521 2153 His
1560 2093 1774 2174 itaque
1815 2095 1999 2155 rebus
2038 2095 2245 2174 gentis
2282 2112 2438 2154 meae
2479 2091 2669 2154 fidem

701 2205 992 2276 expertus
1029 2217 1184 2258 sum.
1269 2193 1581 2258 Noctibus
1621 2198 1945 2260 multoties
1984 2206 2397 2279 cognatorum
2438 2198 2667 2258 timore

700 2320 985 2361 meorum
1013 2320 1053 2361 a
1078 2298 1400 2362 Walterio
1427 2300 1737 2362 avunculo
1774 2323 1917 2363 meo
1946 2302 2023 2363 de
2051 2321 2305 2363 camera
2328 2301 2665 2382 principali

705 2403 928 2465 furtim
982 2411 1348 2482 exportatus
1394 2425 1532 2464 sum
1555 2425 1570 2477 3
1641 2423 1715 2465 ac
1770 2406 1852 2466 ad
1900 2405 2223 2467 domicilia
2271 2405 2669 2484 latebrasque

703 2525 1070 2586 pauperum,
1106 2528 1186 2568 ne
1229 2528 1270 2569 a
1293 2505 1550 2586 perfidis
1577 2509 1686 2588 qui
1726 2507 1809 2569 ad
1835 2515 2105 2569 mortem
2145 2528 2247 2569 me
2287 2508 2669 2588 quaerebant,

705 2611 1042 2683 invenirer,
1060 2609 1406 2671 translatus
1433 2606 1631 2671 sum.”

785 2713 856 2775 N
855 2715 1147 2775 ormanni
1172 2715 1223 2775 si
1243 2714 1410 2775 bono
1429 2714 1755 2794 rigidoque
1776 2713 2103 2775 dominatu
2122 2722 2449 2794 reguntur,
2469 2723 2669 2776 stren-

703 2817 948 2878 uissimi
973 2826 1138 2889 sunt,
1177 2825 1244 2878 et
1271 2818 1337 2876 in
1367 2816 1580 2877 arduis
1620 2817 1806 2877 rebus
1834 2816 2057 2878 invicti
2096 2836 2313 2877 omnes
2352 2818 2669 2879 excellunt

703 2930 770 2983 et
795 2922 1036 2982 cunctis
1061 2921 1346 2983 hostibus
1365 2920 1656 2982 fortiores
1676 2939 1969 2999 superare
1998 2921 2407 2982 contendunt.
2488 2922 2667 2984 Alio-

703 3026 854 3105 quin
881 3044 1012 3085 sese
1037 3024 1314 3086 vicissim
1342 3023 1655 3083 dilaniant
1695 3030 1883 3104 atque
1911 3032 2305 3085 consumunt.
2388 3024 2666 3086 Rebelli-

704 3148 855 3189 ones
901 3128 1070 3187 enim
1117 3128 1413 3206 cupiunt3
1476 3126 1813 3188 seditiones
1865 3127 2035 3187 enim
2084 3136 2409 3205 appetunt,
2465 3137 2531 3189 et
2584 3131 2667 3191 ad

703 3252 888 3293 omne
913 3230 1092 3292 nefas
1127 3231 1408 3309 prompti
1454 3238 1621 3291 sunt.
1706 3226 2306 3312 Rectitudinis‘ergo
2334 3232 2485 3293 forti
2525 3255 2666 3295 cen-

707 3356 854 3398 sura
878 3342 1300 3407 coerceantur,
1341 3342 1408 3395 et
1434 3332 1634 3395 froeno
1682 3333 2025 3412 disciplinae
2050 3353 2165 3413 per
2190 3338 2515 3397 tramitem
2537 3341 2668 3418 jus-

705 3441 867 3501 titiae
892 3438 1076 3520 gradi
1095 3438 1570 3517 compellantur.
1658 3436 1729 3499 Si
1754 3457 1904 3499 vero
1931 3437 2014 3498 ad
2030 3437 2284 3499 libitum
2312 3459 2493 3500 suum
2532 3442 2667 3503 sine

700 3547 874 3625 jug0,
903 3552 974 3604 ut
1000 3542 1344 3603 indomitus
1369 3561 1624 3621 onager,
1645 3542 1737 3601 ire
1755 3541 2231 3620 permittuntur,
2258 3542 2379 3620 ipsi
2404 3550 2470 3603 et
2495 3542 2667 3620 prin-

705 3649 872 3726 cipes
899 3666 1115 3709 eorum
1141 3639 1412 3723 penuria
1449 3652 1516 3705 et
1554 3644 1915 3706 confusione
1962 3645 2263 3723 probrosa
2285 3646 2667 3724 operientur.

711 3751 1005 3812 Pluribus
1031 3750 1150 3809 hoc
1177 3748 1623 3827 experimentis
1654 3749 2027 3829 jamdudum
2055 3748 2301 3810 edidici.
2384 3747 2668 3812 Proximi

705 3852 1274 3933 consanguineique
1301 3852 1428 3911 mei
1449 3851 1556 3931 qui
1577 3851 1937 3912 debuissent
1957 3859 2179 3913 contra
2192 3870 2413 3912 omnes
2430 3862 2667 3915 morta-

707 3958 798 4018 les
837 3978 939 4017 me
977 3954 1356 4017 omnimodis
1395 3955 1616 4027 tutari,
1643 3953 1959 4035 frequenti
1999 3954 2456 4033 conspiratione
2496 3955 2668 4019 facta

707 4062 773 4121 in
819 4080 923 4121 me
951 4065 1353 4120 surrexerunt
1378 4065 1444 4118 et
1482 4076 1643 4136 pene
1669 4078 1922 4119 omnem
1948 4057 2146 4135 patris
2184 4057 2312 4118 mei
2338 4057 2669 4124 haereditae

708 4174 840 4225 tem
867 4162 1028 4223 mihi
1047 4160 1461 4223 abstulerunt.

789 4266 1014 4340 Guid0,
1044 4260 1344 4328 Rainaldi
1372 4264 1894 4345 Burgundionum
1916 4267 2089 4331 ducis
2114 4290 2192 4331 ex
2220 4269 2484 4331 Adeliza
2510 4271 2666 4332 ami-
