3192 5050
778 652 936 700 wll).
979 649 1260 698 CARMEN
1300 649 1392 695 DE
1433 647 1808 695 HAsrmGAE
1850 642 2140 692 PROEmo.
2380 625 2461 686 33

654 792 938 857 Alterius
962 795 1148 876 regis,
1175 793 1276 855 vel
1303 791 1508 873 magis
1533 790 1680 851 inde
1708 784 1929 850 mori.”

573 898 884 962 Exultans
903 900 1114 962 fatuus
1139 919 1251 960 rex
1265 904 1478 980 grates
1504 880 1781 957 reddidit
1808 893 1967 968 illis;

656 1002 922 1086 Insuper
945 1003 1064 1065 hoe
1091 1022 1288 1064 unum
1314 999 1645 1063 eonsilium
1673 999 1929 1061 retulit:

574 1113 610 1142 “
641 1106 927 1169 Primum
955 1107 1197 1188 legatos
1213 1107 1392 1168 decet
1417 1113 1492 1167 ut
1516 1105 1848 1166 mittamus
1868 1104 1951 1166 ad
1977 1103 2177 1177 illum,
2281 1133 2292 1143 =

655 1210 765 1273 Illi
793 1213 902 1294 qui
929 1213 1163 1285 dicant,
1185 1212 1238 1274 si
1265 1210 1474 1293 placet
1501 1217 1573 1270 ut
1601 1207 1838 1270 redeat.

574 1311 915 1376 Paeifieum
941 1316 996 1377 si
1021 1314 1160 1377 vult
1186 1314 1510 1376 nobiseum
1538 1311 1739 1374 foedus
1764 1312 1944 1385 inire,

649 1416 888 1481 Vestro
915 1419 1194 1493 consilio,
1224 1439 1349 1480 non
1378 1439 1496 1500 ego
1523 1417 1829 1498 rejiciam.

578 1521 692 1584 Sin
718 1523 925 1598 aliter,
951 1544 1080 1585 non
1107 1531 1327 1604 sponte
1354 1543 1468 1585 sua
1494 1542 1640 1583 mea
1663 1521 1886 1582 littora
1910 1519 2174 1601 linquet.

656 1626 925 1690 Desinat
949 1629 1069 1691 hoe
1097 1629 1262 1709 quod
1291 1629 1427 1709 agit
1449 1649 1464 1702 ;
1506 1635 1685 1689 trans
1711 1627 1878 1688 freta
1904 1646 2103 1708 regna
2129 1624 2367 1708 petat.”

576 1729 788 1813 AEquo
813 1732 1104 1794 consultu
1132 1735 1448 1814 majorum
1478 1751 1675 1792 necne
1701 1731 2020 1791 minorum

654 1833 964 1898 Providus
994 1835 1241 1918 eloquio
1263 1836 1607 1898 monachus
1634 1834 1913 1916 eligitur,

573 1936 878 2020 Exploret
905 1940 1013 2021 qui
1040 1948 1247 2001 eastra
1273 1940 1464 2012 ducis,
1487 1941 1596 2021 qui
1622 1940 1864 2002 eredita
1888 1947 2073 2002 caute

651 2040 875 2104 Verba
903 2044 1024 2104 sibi
1051 2043 1284 2104 referat
1311 2044 1478 2124 regis
1506 2044 1589 2105 ab
1615 2045 1899 2126 imperio.

577 2137 973 2209 Acceleravit
1000 2147 1123 2208 iter
1142 2147 1405 2227 pedibus
1429 2155 1826 2210 transvectus
1853 2149 2116 2229 equinis,

660 2247 794 2310 Sub
819 2251 1038 2311 tuniea
1062 2251 1248 2332 nigra
1267 2251 1461 2313 verba
1486 2251 1763 2314 verenda
1786 2271 2029 2333 gerens.

576 2350 726 2414 Dux
751 2361 890 2414 erat
917 2354 984 2413 in
1011 2355 1250 2416 eastris.
1335 2353 1592 2419 Intrans
1610 2354 1742 2416 haee
1768 2354 2113 2416 monachus
2140 2355 2379 2436 inquit:

659 2461 694 2489 “
724 2454 843 2517 Est
870 2477 1024 2539 opus
1051 2467 1122 2520 ut
1149 2466 1378 2521 nostrae
1405 2460 1492 2520 sie
1519 2459 1731 2521 valeas
1757 2459 1997 2542 patriae.

578 2558 717 2623 Rex
743 2569 809 2622 et
835 2562 1154 2643 primate5‚
1183 2564 1364 2645 regni
1393 2583 1635 2645 quoque
1657 2566 1803 2646 jura
1828 2571 2135 2627 tenentes.

661 2663 1045 2747 Praeeipiunt
1070 2667 1240 2728 dieto
1267 2668 1434 2748 quod
1461 2668 1648 2729 eitius
1674 2669 1910 2731 redeas.

580 2767 905 2831 Mirantur
929 2789 1114 2851 super
1139 2769 1240 2831 his
1267 2771 1344 2831 de
1371 2780 1436 2832 te
1465 2791 1602 2853 quae
1629 2771 1803 2835 fama
1837 2782 2137 2855 reportat,

660 2872 841 2955 Quod
869 2874 1008 2936 sine
1029 2881 1094 2935 te
1115 2894 1380 2955 regnum
1409 2875 1583 2937 ducis
1604 2876 1687 2938 ad
1713 2877 2046 2940 excidium.

578 2976 876 3060 Captivos
895 2978 1120 3040 reddas
1146 2986 1212 3040 et
1233 2979 1528 3060 quiequid
1552 2980 1619 3042 vi
1648 2981 1912 3062 rapuisti
1937 3002 1951 3042 ε

661 3080 982 3162 Indulget,
1024 3082 1078 3143 si
1103 3082 1218 3156 viS,
1259 3090 1492 3144 coetera
1519 3084 1755 3146 damna
1781 3086 1928 3159 tibi,

581 3184 794 3247 AEtati
813 3186 1036 3267 parcit,
1065 3206 1311 3248 morum
1339 3188 1546 3268 parcit
1565 3186 1836 3263 levitati,

663 3288 834 3352 Olim
862 3308 998 3370 quae
1023 3288 1232 3351 fuerat
1258 3309 1482 3370 pareus
1508 3291 1823 3355 amicitiae.

583 3392 654 3457 Si
669 3401 892 3455 contra
917 3393 1090 3467 dieis,
1131 3401 1244 3455 aut
1271 3395 1325 3455 si
1344 3414 1458 3456 sua
1477 3395 1737 3457 reddere
1764 3398 1997 3473 tardas,

661 3496 844 3559 Bella
868 3497 991 3558 tibi
1016 3497 1282 3559 mandat
1307 3518 1320 3557 ε
1363 3518 1532 3579 ergo,
1575 3500 1776 3573 decet,
1820 3521 2060 3564 caveas.

580 3601 896 3664 Milieiam
922 3602 1030 3663 vix
1049 3603 1180 3683 ipse
1201 3622 1378 3663 suam
1406 3602 1826 3685 populumque
1853 3615 2131 3669 coercet:
2228 3630 2243 3639 ²

667 3705 835 3769 Gens
861 3715 957 3767 est
985 3726 1121 3787 quae
1151 3706 1397 3767 nullum
1417 3708 1597 3769 novit
1624 3708 1857 3771 habere
1885 3710 2161 3773 modum.

585 3809 779 3884 Nam,
820 3808 1168 3872 Dominum
1194 3818 1412 3883 testor,
1451 3812 1548 3873 bis
1577 3832 1685 3871 sex
1710 3812 1830 3872 sibi
1858 3812 2039 3875 milia
2064 3826 2318 3877 eentum

668 3913 832 3975 Sunt
856 3921 1300 3995 pugnatorum,
1321 3914 1539 3997 praelia
1564 3915 1673 3995 qui
1700 3914 1983 3978 sitiunt.’‘

587 4016 847 4079 Talibus
874 4018 974 4099 obj
982 4018 1138 4079 eetis
1164 4025 1414 4079 mutata
1443 4017 1645 4079 leonis
1672 4018 1903 4101 imago,

665 4120 919 4182 Pondus
944 4121 1275 4193 virtutum,
1303 4120 1485 4181 miles
1505 4129 1571 4182 et
1600 4122 1967 4203 intrepiduS,

585 4223 734 4286 Dux
761 4222 908 4285 floei
925 4224 1200 4306 pendens
1229 4224 1524 4305 quiequid
1551 4224 1673 4286 sibi
1700 4244 1868 4287 vana
1893 4227 2139 4290 cuculla

666 4328 1016 4403 Attulerat,
1046 4328 1254 4391 fatuas
1276 4330 1584 4411 approbat
1612 4350 1742 4391 esse
1770 4332 2008 4393 minas:
