3192 5050
749 598 868 659 116
1145 612 1355 659 scmp.
1397 612 1639 659 RERUM
1680 613 1866 660 cssr.
1910 614 2258 662 WILLELMI
2302 618 2346 663 1.

747 757 977 838 phetiae
1002 758 1294 839 gratiam,
1323 760 1442 820 iste
1480 756 1901 821 Lanfrancum
1940 780 2221 822 sermone
2250 770 2313 823 et
2341 771 2486 824 actu
2514 764 2695 845 spiri-

749 868 886 921 tum
914 859 1039 922 Dei
1067 861 1469 924 redolentem.

827 964 991 1028 Boni
1005 966 1304 1049 plerique,
1314 970 1653 1030 transversi
1679 966 1906 1029 affectu
1925 970 2181 1043 carnali,
2207 972 2527 1052 sanguinis
2552 992 2693 1052 pro-

744 1070 1096 1151 pinquitate
1123 1074 1590 1151 conjunctorum
1634 1072 1999 1133 criminibus
2024 1082 2308 1153 parcunt,
2349 1076 2413 1134 in
2455 1074 2693 1136 excelso

745 1174 1130 1257 dignitatum
1173 1176 1428 1257 indigne
1470 1175 1867 1257 praesidentes
1892 1197 2018 1238 non
2058 1177 2426 1239 descendere
2452 1178 2691 1241 volunt.

742 1276 872 1341 Eos
936 1278 1433 1353 clementissime,
1484 1288 1789 1361 tanquam
1841 1282 2054 1342 caecati
2106 1301 2337 1355 amore,
2385 1282 2672 1364 judicant
2688 1329 2705 1357 ,

744 1381 900 1444 alios
924 1383 1362 1464 perspicaciter
1388 1390 1576 1464 atque
1594 1383 1893 1445 districte.
1967 1382 2276 1445 Oaeterum
2306 1384 2690 1461 willelmus,

745 1490 922 1568 cujus
950 1488 1423 1568 integerrimam
1443 1488 1793 1549 bonitatem
1811 1489 2221 1563 inscribimus,
2249 1492 2459 1552 animo
2486 1492 2690 1552 inten-

742 1591 870 1652 tius
887 1591 1170 1654 volutare
1185 1591 1342 1653 libet
1369 1611 1442 1653 ac
1467 1592 1705 1665 mirari,
1726 1613 1868 1653 cum
1885 1594 2083 1673 patris
2099 1594 2505 1675 dejectionem
2533 1597 2693 1659 divi-

742 1715 841 1756 nae
874 1715 1265 1776 nequaquam
1283 1694 1732 1776 praeferendam
1753 1697 2017 1770 noverit,
2044 1699 2367 1778 negotium
2395 1696 2518 1759 Dei
2545 1720 2690 1781 pru-

740 1797 964 1860 denter
989 1786 1174 1860 simul
1201 1806 1267 1860 et
1278 1801 1445 1879 juste
1471 1807 1691 1860 contra
1714 1807 2008 1880 patruum
2036 1820 2214 1861 suum
2242 1802 2485 1882 peregit
2509 1800 2689 1883 ,Mal-

739 1904 986 1983 gerium
1011 1901 1529 1983 archipraesulem.
1590 1901 1676 1976 Is,
1710 1901 2011 1965 Richardi
2032 1905 2284 1965 secundi
2311 1904 2494 1979 filius,
2515 1926 2689 1968 sacra

741 2008 1052 2091 dignitate
1073 2009 1467 2081 abutebatur,
1507 2007 1727 2081 veluti,
1753 2008 2062 2069 natalium
2083 2012 2243 2091 jure,
2270 2030 2400 2071 sua.
2483 2009 2687 2074 Pallio

743 2121 956 2175 tamen
984 2132 1303 2193 nunquam
1329 2119 1424 2173 est
1460 2112 1815 2193 insignituS,
1862 2113 2029 2193 quod
2054 2113 2397 2194 principale
2424 2134 2497 2176 ac
2524 2136 2687 2196 mys-

743 2218 938 2279 ticum
977 2214 1514 2298 archipraesulatus
1556 2215 1820 2295 insigne,
1860 2236 2081 2277 manus
2125 2215 2397 2278 Romani
2425 2216 2685 2279 Pontifi-

741 2323 850 2395 cis,
886 2322 1140 2382 mittere
1160 2319 1363 2392 solita,
1405 2320 1464 2379 ei
1499 2319 1837 2399 denegavit
1862 2327 1934 2380 ut
1960 2320 2167 2381 minus
2193 2320 2433 2382 idone0.
2480 2319 2685 2401 Scrip-

741 2434 1027 2487 turarum
1054 2444 1283 2486 arcana
1307 2422 1744 2503 intelligentiae
1761 2421 2025 2483 literalis
2042 2421 2221 2485 oculo
2240 2422 2533 2504 colligere
2558 2445 2684 2486 non

741 2530 1028 2591 indoctus
1072 2528 1227 2589 fuit:
1279 2528 1389 2590 sed
1433 2547 1555 2608 quo
1601 2527 1970 2608 praecipiunt
2002 2527 2447 2601 moderamine,
2485 2549 2684 2610 neque

742 2633 1159 2713 subjectorum
1202 2651 1403 2712 neque
1442 2631 1762 2712 propriam
1803 2629 2005 2692 vitam
2046 2630 2397 2711 gubernare
2424 2632 2681 2693 studuit.

745 2734 945 2818 Quam
972 2737 1172 2819 pietas
1196 2734 1609 2815 plurimorum
1634 2733 1915 2796 ornando
1941 2735 2186 2808 ditavit,
2226 2733 2333 2796 ille
2360 2736 2683 2817 spoliando

739 2840 1094 2902 attenuavit
1108 2837 1429 2901 ecclesiam
1447 2858 1461 2898 :
1488 2858 1615 2899 non
1637 2857 1895 2918 sponsus
1909 2840 1962 2918 ej
1968 2858 2041 2898 us
2055 2837 2155 2900 vel
2169 2846 2354 2920 pater
2370 2840 2683 2914 dicendus,

738 2943 847 3005 sed
871 2944 1273 3025 gravissimus
1291 2942 1580 3004 dominus
1592 2939 1697 3002 vel
1710 2941 2144 3022 rapacissimus
2157 2942 2384 3023 praedo.
2426 2941 2683 3006 Mensas

738 3048 1026 3128 equidem
1067 3047 1333 3107 nimium
1375 3043 1768 3118 sufficientes,
1807 3045 2073 3105 nimium
2113 3045 2347 3107 nitidas
2388 3047 2681 3127 praebere,

737 3151 1060 3233 largiendo
1085 3150 1336 3213 laudem
1362 3169 1569 3211 emere
1595 3149 1871 3223 amabat,
1898 3150 2098 3230 specie
2125 3149 2522 3212 liberalitatis
2540 3171 2681 3233 pro-

737 3256 936 3337 digus.
1021 3252 1457 3336 Saepenumero
1498 3254 1775 3316 monitus
1800 3260 1988 3334 atque
2015 3254 2355 3334 castigatus
2380 3255 2679 3336 privatim

737 3369 925 3443 atque
953 3360 1199 3443 publice
1226 3358 1464 3422 domini
1499 3359 1614 3432 sui,
1646 3359 1897 3440 juvenis
1914 3342 1996 3419 'et
2028 3357 2192 3431 laici,
2232 3360 2511 3440 sapiente
2538 3359 2679 3420 dili-

731 3467 965 3548 gentia,
993 3485 1250 3548 pergere
1270 3464 1548 3526 malebat
1575 3463 1794 3524 eadem
1819 3463 2137 3543 privitatis
2155 3463 2278 3525 via.
2342 3461 2481 3526 Nec
2507 3465 2677 3525 enim

735 3572 990 3634 modum
1007 3571 1211 3652 posuit
1225 3568 1568 3650 largitioni,
1585 3567 1779 3630 donec
1799 3567 1974 3628 sedes
1992 3564 2488 3648 Metropolitana
2505 3570 2678 3629 omni

733 3674 865 3737 fere
909 3680 1276 3736 ornamento
1318 3672 1524 3733 caruit
1557 3679 1630 3732 et
1670 3670 1981 3732 thesauro.
2066 3666 2427 3751 Sequuntur
2450 3671 2679 3734 multo-

735 3781 856 3841 ties
906 3778 1305 3860 largitionem
1352 3777 1604 3857 rapinae.
1696 3773 2008 3836 Praeterea
2051 3772 2350 3836 molestus
2400 3774 2677 3837 infamiae

735 3887 868 3964 ejus
891 3883 1046 3945 odor
1083 3881 1549 3943 diffundebatur
1589 3880 1674 3941 ob
1699 3879 1826 3940 alia
1850 3879 2131 3939 crimina.
2218 3875 2344 3938 Sed
2369 3898 2410 3940 a
2434 3879 2677 3941 ratione

731 3986 1005 4048 alienum
1037 3985 1316 4047 ducimus
1342 3986 1409 4044 in
1433 3985 1609 4046 vitiis
1633 3982 2021 4064 publicandis
2046 3977 2387 4054 immorari,
2413 4002 2671 4062 quorum

736 4111 850 4150 nec
893 4090 1116 4150 decens
1156 4089 1406 4151 videtur
1456 4087 1986 4159 commemoratiO,
2040 4105 2155 4144 nec
2200 4086 2432 4146 notitia
2483 4086 2674 4147 utilis.

737 4193 929 4256 Laesit
970 4194 1219 4273 insuper
1264 4193 1496 4273 injuria
1532 4211 1659 4252 non
1696 4191 1822 4253 levi
1866 4188 2193 4250 ecclesiam
2240 4188 2673 4261 universalem,

733 4302 907 4380 quus
925 4298 1178 4358 unicum
1191 4295 1554 4369 Primatem‚
1575 4315 1887 4358 summum
1903 4295 1970 4354 in
1985 4292 2134 4354 orbe
2154 4299 2465 4354 terrarum
2482 4295 2677 4355 antis-
