3192 5050
678 593 718 656 8
1051 612 1263 659 scmr.
1306 612 1551 659 RERUM
1591 609 1781 660 GEsr,
1825 613 2199 661 WILLELMI·
2221 615 2266 660 1.

675 747 1154 818 simulaverunt.
1235 754 1436 838 Angli
1467 768 1647 830 vero,
1694 755 1836 818 illos
1871 764 2169 838 putantes
2208 777 2356 820 vere
2397 757 2637 839 fugere,

677 866 999 939 coeperunt
1026 865 1166 939 post
1186 877 1291 920 eos
1317 879 1566 931 currere
1593 858 1877 922 volentes
1904 880 2008 922 eos
2044 861 2097 922 si
2144 869 2398 942 possent
2444 862 2639 922 inter-

678 961 883 1023 ficere.
967 960 1148 1043 Quod
1186 962 1472 1025 videntes
1517 961 1897 1038 Normanni,
1947 965 2057 1045 qui
2102 972 2285 1026 erant
2330 965 2641 1026 cautiores

677 1064 845 1126 bello
885 1085 1076 1146 quam
1123 1063 1342 1146 Angli,
1368 1085 1518 1126 mox
1564 1065 1908 1140 redierunt,
1956 1074 2145 1148 atque
2193 1067 2362 1128 inter
2387 1067 2528 1128 illos
2574 1075 2640 1128 et

679 1188 929 1248 agmen,
959 1188 1000 1228 a
1023 1187 1148 1248 quo
1173 1187 1239 1229 se
1267 1168 1723 1249 disjunxerant,
1751 1189 1816 1230 se
1843 1169 2262 1244 immiserunt,
2303 1189 2641 1250 omnesque

677 1271 818 1332 illos
841 1291 991 1332 mox
1007 1269 1477 1332 interfecerunt.
1561 1269 1707 1333 Hoc
1728 1272 1929 1352 igitur
1966 1273 2155 1335 modo
2186 1270 2255 1334 N
2255 1273 2548 1334 ormanni
2574 1280 2640 1333 et

682 1374 884 1456 Angli
910 1376 1180 1437 invicem
1207 1394 1492 1456 pugnare
1517 1383 1860 1456 coeperunt.
1945 1373 2391 1457 Pugnantibus
2426 1376 2640 1457 itaque

679 1487 818 1541 toto
843 1478 956 1540 illo
981 1478 1112 1540 fere
1155 1477 1258 1540 die
1313 1497 1508 1558 usque
1556 1479 1640 1539 ad
1677 1498 2009 1559 vesperum
2059 1476 2128 1540 N
2128 1480 2449 1540 ormannis
2494 1499 2637 1540 cum

682 1582 930 1664 Anglis,
957 1582 1217 1644 tandem
1266 1580 1468 1663 Angli
1492 1582 1649 1643 victi
1676 1580 1999 1663 fugerunt,
2027 1588 2093 1643 et
2121 1581 2231 1662 qui
2256 1581 2474 1662 fugere
2512 1602 2640 1643 non

677 1693 1038 1768 potuerunt,
1093 1685 1360 1746 extincti
1413 1685 1506 1745 ibi
1558 1692 2015 1746 remanserunt.
2098 1683 2480 1747 Interfectus
2546 1694 2643 1747 est

678 1797 892 1850 autem
908 1789 975 1848 in
1001 1788 1116 1850 illa
1137 1807 1356 1870 pugna
1375 1786 1700 1849 Heraldus
1726 1795 1792 1848 et
1820 1788 1945 1849 duo
1972 1787 2199 1849 :tratres
2225 1790 2376 1869 ejus,
2403 1797 2469 1850 et
2496 1809 2639 1850 cum

677 1892 756 1954 iis
799 1893 1082 1954 maxima
1131 1912 1285 1973 pars
1335 1891 1415 1952 de
1458 1890 1793 1953 nobilitate
1840 1889 2216 1971 Anglorum.
2299 1889 2501 1953 Facta
2546 1900 2643 1953 est

677 2004 892 2058 autem
946 1997 1080 2058 haec
1105 2017 1322 2079 pugna
1363 1996 1567 2078 pridie
1606 1993 1704 2056 Id.
1751 1993 2053 2056 Octobres
2096 1995 2165 2056 in
2210 2015 2289 2058 eo
2334 1996 2491 2070 loco,
2531 1997 2643 2058 ubi

679 2099 1050 2162 Willelmus
1075 2108 1228 2161 tunc
1255 2119 1464 2162 comes
1501 2097 2044 2172 Normannorum‚
2084 2107 2303 2180 postea
2336 2119 2487 2162 vero
2532 2121 2643 2162 rex

676 2202 1056 2284 Anglorum‚
1090 2201 1439 2265 Abbatiam
1464 2202 1745 2264 construi
1776 2203 2109 2283 prcaecepit
2152 2203 2235 2265 ob
2271 2204 2641 2264 memoriam

679 2305 868 2386 hujus
892 2325 1119 2386 pugnae
1165 2313 1232 2366 et
1257 2305 1716 2368 absolutionem
1744 2305 2029 2367 omnium
2057 2314 2457 2386 peccatorum
2502 2306 2641 2368 illo-

675 2428 840 2480 rum,
867 2407 976 2488 qui
1001 2408 1095 2469 ibi
1121 2407 1440 2469 interfecti
1467 2416 1633 2469 sunt.

755 2508 968 2573 Victis
993 2530 1144 2592 ergo
1187 2508 1435 2591 Anglis,
1491 2510 1574 2573 ad
1620 2517 1831 2572 castra
1865 2528 1981 2572 sua
2006 2507 2377 2573 Willelmus
2416 2509 2642 2573 Comes

675 2613 886 2686 rediit,
923 2632 1188 2693 magnas
1218 2610 1657 2694 Omnipotenti
1685 2612 1827 2674 Deo
1853 2612 2095 2692 gratias
2124 2613 2408 2687 reddens,
2442 2614 2551 2696 qui
2581 2616 2644 2675 ei

675 2736 788 2798 per
803 2714 1298 2777 misericordiam
1325 2735 1504 2777 suam
1520 2715 1853 2777 victoriam
1873 2723 2262 2776 concesserat
2274 2715 2352 2777 de
2368 2718 2643 2780 inimicis

675 2820 820 2882 suis.
904 2817 1056 2881 Non
1083 2819 1322 2879 diutius
1347 2838 1500 2880 vero
1545 2818 1638 2880 ibi
1664 2825 1965 2891 moratus,
2009 2837 2206 2899 usque
2244 2816 2641 2883 Londoniam

676 2920 1091 3003 principalem
1133 2920 1461 2983 civitatem
1490 2919 1745 3000 Angliae
1784 2921 1975 3001 coepit
2002 2920 2115 2994 ire,
2158 2929 2228 2982 et
2272 2922 2361 2983 sic
2402 2930 2642 2985 terram

677 3026 880 3107 ipsam
917 3023 1273 3105 Anglorum
1301 3024 1687 3105 conquirere.
1771 3022 2021 3086 Deinde
2046 3024 2360 3106 paulatim
2387 3028 2470 3088 ad
2496 3048 2641 3089 eum

675 3136 997 3210 coeperunt
1022 3129 1240 3191 venire
1268 3127 1476 3210 Angli
1491 3128 1753 3209 plurimi
1778 3122 1845 3190 et
1872 3149 2015 3189 cum
2046 3149 2122 3191 eo
2168 3150 2389 3211 pacem
2416 3131 2641 3194 facere.

678 3230 760 3295 In
780 3231 958 3294 brevi
978 3232 1192 3312 itaque
1213 3251 1356 3292 cum
1376 3252 1452 3293 eo
1466 3232 1695 3312 majori
1712 3240 1893 3313 parte
1913 3231 2273 3313 Anglorum
2289 3233 2643 3316 pacificata,

676 3333 1052 3396 fidelitatem
1079 3333 1336 3396 illorum
1365 3335 1653 3415 suscepit,
1700 3343 1768 3396 et
1816 3336 2193 3416 quibusdam
2217 3337 2474 3400 illorum
2500 3358 2644 3401 suas

676 3445 881 3500 terras
899 3437 1195 3510 reddidit,
1215 3458 1291 3499 eo
1311 3438 1478 3517 quod
1511 3436 1640 3500 illis
1682 3438 1965 3501 nondum
2012 3460 2078 3501 se
2122 3441 2283 3503 bene
2326 3441 2643 3503 credebat.

682 3539 968 3602 Tandem
989 3540 1074 3601 ad
1098 3538 1503 3602 nativitatem
1531 3540 1797 3603 Domini
1814 3538 2193 3605 Londonian
2214 3545 2643 3607 convenienti-

679 3644 798 3705 bus
823 3641 1088 3704 Francis
1128 3650 1195 3703 et
1243 3642 1489 3724 Anglis,
1533 3642 1781 3725 illisque
1828 3646 2121 3709 omnibus
2156 3647 2643 3710 concedentibus

679 3764 975 3808 coronam
995 3746 1192 3807 totius
1213 3745 1440 3825 Anglae
1467 3753 1535 3806 et
1562 3745 2059 3810 dominationem
2087 3750 2376 3831 suscepit.

762 3846 1158 3911 Constitutus
1184 3848 1398 3928 itaque
1417 3868 1528 3909 rex
1555 3850 1875 3931 sapienter
1900 3859 1968 3915 et
1995 3873 2140 3913 cum
2161 3872 2399 3934 magna
2413 3852 2642 3914 discre-

679 3950 854 4012 tione
897 3970 1164 4029 regnum
1211 3949 1378 4029 quod
1423 3960 1751 4032 acceperat
1796 3953 2124 4035 disponere
2164 3956 2393 4035 coepit3
2453 3962 2643 4036 atque

681 4053 750 4114 in
777 4052 1052 4114 ecclesiis
1073 4052 1174 4113 An
1179 4052 1342 4133 glise,
1360 4052 1427 4111 in
1445 4054 1671 4133 quibus
1698 4064 1979 4136 pastores
1996 4078 2124 4119 non
2141 4066 2345 4132 erant,
2364 4065 2645 4139 pastores

683 4156 1023 4218 secundum
1051 4153 1260 4218 Deum
1289 4175 1520 4236 ponere
1547 4158 1814 4220 curavit.
1848 4170 1853 4177 ’
1898 4158 2145 4222 Deinde
2179 4168 2321 4241 post
2360 4159 2642 4242 aliquan-

3178 2467 3185 2500 Α
