3192 5050
964 553 1332 620 ‚nxcnnpn
1373 554 1463 601 DE
1503 553 1673 600 viu
1716 553 2091 602 w1LLELM1.
2434 537 2510 602 71

556 695 977 761 formidolosis
1011 706 1228 761 vectus
1251 706 1349 759 est
1373 697 1457 760 ad
1482 698 1827 772 basilicam,
1866 696 2189 779 liberoque
2216 695 2369 772 solo,
2409 699 2519 780 qui

551 809 654 864 tot
678 802 940 864 urbibus
975 809 1043 864 et
1068 801 1317 884 oppidis
1351 808 1419 863 et
1457 802 1612 864 vicis
1649 803 2036 884 principatus
2060 808 2175 874 est,
2213 802 2419 862 caruit
2437 801 2522 864 ad

553 905 960 989 sepulturam.
1042 905 1290 968 Arvina
1315 907 1553 966 ventris
1578 909 1712 985 ejus
1738 913 1837 967 tot
1861 902 2338 967 delectamentis
2368 925 2519 967 enu-

554 1011 716 1072 trita
753 1030 896 1071 cum
938 1010 1240 1071 dedecore
1279 1010 1506 1090 patuit,
1568 1017 1636 1070 et
1673 1011 2013 1092 prudentes
2052 1029 2125 1070 ac
2165 1008 2521 1082 infrunitos,

557 1112 761 1195 qualis
811 1113 896 1174 sit
946 1113 1153 1195 gloria
1195 1114 1422 1186 carnis,
1485 1112 1758 1174 edocuit.
1867 1111 2161 1194 Inspecta
2211 1112 2520 1193 siquidem

554 1219 955 1298 corruptione
971 1219 1201 1280 coenosi
1216 1217 1537 1279 cadaveris
1558 1217 1817 1298 quisque
1836 1223 2143 1290 movetur,
2170 1225 2244 1278 ut
2259 1216 2525 1278 meliora

558 1340 748 1402 quam
799 1320 1264 1382 delectamenta
1313 1327 1462 1382 sunt
1511 1320 1739 1393 carnis,
1808 1340 1943 1401 quae
1982 1327 2156 1384 terra
2194 1326 2308 1393 est,
2348 1327 2416 1380 et
2455 1320 2523 1380 in

558 1423 880 1506 pulverem
921 1430 1290 1497 revertetur,
1330 1424 1545 1486 labore
1584 1422 1879 1484 salutaris
1916 1423 2321 1485 continentias
2360 1442 2525 1484 mer-

557 1527 693 1588 cari
718 1526 1035 1588 ferventer
1057 1535 1338 1588 conetur.

644 1629 883 1693 Divitis
907 1637 976 1692 et
1000 1631 1294 1713 pauperis
1318 1650 1435 1712 par
1459 1638 1557 1692 est
1583 1630 1883 1707 conditiO,
1909 1637 1976 1691 et
1996 1629 2289 1691 similiter
2307 1631 2528 1692 ambos

564 1733 810 1795 invadit
861 1753 1030 1795 mors
1083 1741 1150 1796 et
1201 1734 1486 1816 putredo,
1611 1732 1832 1796 Nolite
1886 1753 2037 1814 ergo
2091 1732 2403 1795 confidere
2458 1733 2526 1794 in

563 1838 951 1918 principibus
977 1837 1169 1912 falsis,
1208 1858 1249 1900 o
1273 1836 1392 1898 filii
1416 1838 1782 1899 hominum:
1836 1838 1945 1898 sed
1982 1837 2047 1897 in
2103 1836 2243 1900 Deo
2275 1839 2423 1900 vivo
2460 1845 2528 1900 et

565 1961 734 2016 vero,
778 1942 886 2022 qui
927 1948 1174 2004 creator
1217 1949 1314 2002 est
1347 1942 1652 2003 omnium.
1734 1939 1992 2002 Veteris
2034 1950 2101 2003 et
2145 1943 2295 2004 novi
2334 1951 2529 2004 testar-

567 2047 770 2108 menti
821 2047 1046 2107 seriem
1100 2045 1423 2120 revolvite,
1490 2054 1556 2107 et
1607 2045 1899 2127 exempla
1950 2045 2098 2106 inde
2152 2046 2531 2128 multiplicia

567 2150 745 2212 vobis
783 2150 1105 2230 capessite,
1147 2149 1298 2230 quid
1335 2169 1576 2222 cavere,
1624 2149 1853 2229 quidve
1892 2149 2175 2210 debeatis
2215 2159 2531 2231 appetere.

451 2309 458 2314 .
569 2251 792 2316 Nolite
831 2272 1080 2334 sperare
1121 2253 1188 2312 in
1227 2253 1601 2333 iniquitate3
1674 2259 1740 2312 et
1781 2252 2033 2332 rapinas
2070 2251 2269 2313 nolite
2308 2273 2533 2315 concu-

569 2357 825 2439 piscere.
893 2355 1154 2419 Divitiae
1181 2357 1236 2417 si
1261 2353 1524 2418 affluant
1549 2355 1747 2417 nolite
1775 2376 1883 2417 cor
1908 2375 2240 2437 apponere.
2310 2355 2535 2419 Omnis

566 2460 739 2521 enim
789 2479 937 2522 caro
991 2467 1064 2520 ut
1115 2459 1386 2533 foen'um3
1476 2467 1542 2522 et
1593 2459 1800 2522 omnis
1851 2458 2058 2541 gloria
2108 2462 2243 2543 ejus
2294 2468 2368 2521 ut
2415 2459 2533 2522 flos

571 2564 742 2626 foeni.
822 2563 1092 2627 Exaruit
1143 2564 1400 2637 foenum,
1441 2571 1507 2626 et
1560 2563 1679 2625 flos
1729 2567 1865 2647 ejus
1911 2563 2157 2627 cecidit.
2242 2562 2531 2627 Verbum

572 2676 788 2731 autem
815 2666 1078 2731 Domini
1103 2677 1321 2732 manet
1347 2670 1414 2731 in
1441 2678 1770 2731 aeternum.
