3192 5050
811 609 968 656 wm.
1011 609 1294 656 CARMEN
1333 608 1426 656 DE
1465 609 1841 658 HAsTINGAE
1882 607 2159 660 PROELIO.

610 751 934 815 Librando
949 752 1150 816 telum
1178 753 1368 816 celeri
1380 754 1703 816 ‘volitante
1730 753 1969 818 lacerto

687 855 954 920 Eminus
981 859 1208 920 emisso
1233 859 1484 939 cuspide
1513 878 1735 940 corpus
1762 863 1909 943 equi

609 960 942 1035 Vulnerat,
961 969 1152 1044 atque
1172 961 1395 1022 ducem
1421 962 1702 1043 peditem
1728 965 1967 1028 bellare
1986 967 2193 1048 coegit
2216 986 2232 1040 ;
2256 1025 2261 1028 .

693 1065 818 1128 Sed
843 1067 1034 1148 pedes
1058 1065 1315 1128 effectus
1341 1067 1605 1129 dimicat
1632 1076 1698 1130 et
1724 1069 1967 1132 melius.

615 1167 785 1231 Nam
812 1170 997 1232 velox
1015 1171 1313 1251 juvenem
1333 1170 1615 1251 sequitur
1640 1171 1839 1233 veluti
1855 1172 1954 1234 leo
1980 1172 2308 1245 frendens3

692 1273 1108 1336 Membratim
1149 1275 1484 1356 perimens,
1511 1275 1645 1336 haec
1670 1276 1794 1337 sibi
1820 1278 2015 1339 verba
2039 1277 2249 1338 dedit:

613 1384 648 1412 ‘⁶
671 1378 904 1460 Accipe
931 1380 1341 1460 promeritam
1367 1380 1568 1441 nostri
1604 1379 1683 1442 de
1711 1388 1891 1460 parte
1918 1400 2255 1443 coronam:

696 1481 766 1544 Si
792 1483 983 1564 periit
1009 1484 1274 1564 sonipes,
1302 1481 1466 1544 hanc
1493 1483 1616 1544 tibi
1634 1483 1831 1545 reddo
1856 1482 2102 1566 pede8.”

615 1585 799 1648 Dixit
825 1593 891 1646 et
911 1586 994 1648 ad
1012 1585 1252 1647 bellum
1278 1587 1591 1648 convertit
1617 1588 1903 1667 protinus
1924 1595 2157 1661 actum,

695 1689 924 1752 Obstat
949 1697 1016 1750 et
1041 1688 1341 1770 oppositis
1379 1689 1621 1750 viribus
1646 1687 1999 1753 Herculeis.

613 1792 754 1856 Hos
779 1801 1035 1854 truncos
1053 1791 1226 1865 facit,
1267 1791 1382 1854 hos
1409 1792 1685 1866 mutilos,
1712 1792 1827 1855 hos
1852 1794 2116 1859 devorat
2142 1815 2309 1870 ense,

697 1895 1028 1977 Perplures
1056 1896 1300 1956 animas
1325 1896 1530 1957 mittit
1557 1904 1624 1957 et
1650 1896 1734 1957 ad
1759 1898 2069 1960 tenebras.

620 2000 742 2062 Per
758 1999 1002 2060 medias
1028 2006 1270 2079 strages
1297 1999 1574 2080 equitem
1604 1999 1756 2060 dum
1784 2003 2087 2083 prospicit
2112 2003 2226 2076 ire,

695 2103 798 2165 Ex
827 2101 1374 2166 cenomannorum
1401 2104 1805 2184 progenitum
1832 2124 2064 2185 genere

618 2206 865 2269 Infecto
890 2207 1105 2288 gladio
1124 2206 1399 2279 cerebr0‚
1420 2205 1523 2268 vel
1549 2207 1875 2287 sanguinis
1894 2209 2084 2282 unda,

697 2310 920 2373 Innuit
939 2318 1013 2372 ut
1038 2310 1255 2374 veniat
1281 2317 1347 2370 et
1373 2310 1494 2371 sibi
1521 2310 1873 2372 subveniat.

621 2413 740 2478 Ille
766 2415 1000 2476 timens
1025 2413 1258 2474 caedem
1285 2420 1478 2494 negat
1505 2412 1603 2473 illi
1632 2412 1795 2475 ferre
1824 2413 2128 2490 salutem3

698 2515 872 2579 Nam
899 2517 1147 2599 pavitat
1167 2523 1456 2591 mortem,
1484 2537 1600 2579 ceu
1621 2515 1799 2599 lepus
1824 2527 1973 2581 ante
1994 2540 2237 2584 canem.

621 2619 771 2683 Dux
796 2641 1058 2693 memor,
1086 2628 1158 2681 ut
1186 2618 1366 2681 miles
1385 2620 1596 2681 subito
1616 2640 1681 2681 se
1708 2622 1903 2683 vertit
1929 2623 2013 2685 ad
2041 2625 2245 2700 illum,

699 2722 825 2785 Per
842 2744 1065 2785 nasum
1087 2722 1285 2804 galeae
1311 2724 1592 2785 concitus
1618 2725 1947 2807 accipiens,

620 2824 894 2888 Vultum
921 2826 1156 2899 telluri,
1182 2826 1435 2907 plantas
1460 2827 1544 2888 ad
1569 2827 1792 2907 sydera
1816 2829 2052 2892 volvit:

705 2929 810 2992 Sic
838 2931 959 2993 sibi
985 2949 1342 2991 concessum
1373 2931 1669 2993 scandere
1691 2934 1889 2995 currit
1915 2954 2165 3016 equum.

595 3032 681 3095 -O
709 3034 850 3096 coeli
873 3032 1125 3106 Rector,
1154 3034 1355 3094 nostri
1380 3034 1520 3115 pius
1547 3054 1623 3095 ac
1650 3036 1996 3111 miserator,

704 3135 888 3198 Nutu
915 3135 1132 3198 divino
1161 3136 1270 3217 qui
1296 3137 1464 3217 regis
1489 3157 1677 3199 omne
1705 3140 1872 3219 quod
1898 3140 2026 3203 est!

627 3238 794 3321 Quas
813 3240 1057 3321 patitur
1075 3239 1284 3301 clades
1305 3238 1662 3319 Anglorum
1688 3248 1904 3305 turma
1929 3246 2273 3325 superstes!

707 3344 956 3407 Occidit
975 3345 1079 3406 hic
1105 3345 1328 3425 pietas,
1355 3352 1583 3425 regnat
1603 3353 1670 3405 et
1694 3346 2007 3426 impietas.

626 3448 789 3512 Vita
806 3451 1007 3532 perit3
1049 3469 1219 3510 mors
1246 3468 1410 3510 saeva
1429 3448 1607 3522 furit,
1634 3449 1984 3511 bacchatur
2009 3458 2075 3511 et
2102 3452 2301 3515 ensis:

708 3553 940 3616 Nullus
963 3555 1054 3616 ibi
1080 3554 1306 3635 parcit,
1338 3550 1518 3613 Mars
1545 3553 1656 3614 ubi
1684 3561 1929 3635 sceptra
1954 3556 2141 3635 regit.

630 3657 972 3739 Postquam
999 3657 1204 3718 factus
1231 3676 1419 3737 eques
1444 3656 1572 3717 dux
1600 3664 1713 3729 est,
1740 3676 1888 3718 mox
1916 3658 2120 3719 acrius
2138 3659 2350 3723 hostes

706 3760 1044 3834 Vulnerat,
1071 3758 1459 3841 aggreditur,
1487 3758 1805 3833 fulminat,
1828 3760 2196 3842 insequitur.

630 3861 906 3926 Vincere
934 3864 1086 3925 dum
1113 3870 1337 3935 certat,
1366 3862 1518 3923 dum
1546 3883 1841 3944 campum
1870 3864 2037 3925 ccede
2065 3874 2376 3941 cruentat,

710 3965 916 4028 Filius
941 3965 1246 4038 Hellocis,
1271 3966 1372 4027 vir
1396 3964 1562 4026 celer
1587 3974 1655 4027 et
1681 3965 1903 4040 facilis,

635 4069 1000 4133 Insidiando
1027 4070 1250 4131 ducem
1279 4069 1599 4130 tractabat
1626 4068 1751 4130 fine
1776 4072 2070 4149 gravari3

714 4175 840 4237 Sed
866 4176 1055 4237 misso
1074 4174 1286 4255 Jaculo
1311 4173 1590 4235 traditur
1617 4173 1779 4235 ictus
1804 4194 1983 4256 equ0.

635 4276 888 4341 Corruit
914 4279 982 4338 in
1007 4286 1283 4339 terram:
1325 4276 1513 4359 pedes
1541 4285 1637 4337 est
1663 4276 1808 4351 dux,
1836 4277 2058 4359 plenus
2083 4287 2149 4341 et
2176 4280 2307 4343 ira:

2407 591 2486 660 41
