3192 5050
874 1105 1362 1156 PROTESTATIO
1395 1105 1783 1155 WILLELMI
1819 1105 2029 1156 PRIMI
2063 1106 2163 1157 DE
2199 1107 2533 1158 PRIMA'PU

767 1332 1865 1406 CANTUARIENSIS
1954 1333 2637 1422 EOOLESIAE,

1328 1579 1455 1620 CUM
1501 1579 2072 1622 SUBSCRIPTIONIBUS

1054 1777 1690 1827 EPISCOPORUM
1742 1777 1847 1826 ET
1895 1777 2343 1829 ABBATUM.

752 2248 756 2252 ,
935 2248 960 2256 ,
1138 2245 1141 2247 ,
1209 2240 1213 2244 .
1287 2177 1486 2241 NNO
1549 2180 1633 2242 ab
1687 2179 2119 2240 incarnatione
2190 2176 2455 2240 Domini
2522 2178 2567 2242 J
2569 2201 2677 2241 esu

832 2309 860 2324 ’-
877 2272 1061 2348 ³²:-
1102 2304 1121 2312 ⁶
1157 2233 1235 2364 'gil
1289 2280 1526 2344 Christi
1553 2282 1891 2344 millesimo
1916 2283 2379 2363 septuagesimo
2405 2285 2676 2346 secundo

1045 2452 1061 2456 ,
1125 2448 1174 2472 μβ
1282 2385 1689 2468 pontificatus
1751 2393 1965 2446 autem
2020 2386 2263 2446 domini
2326 2385 2676 2448 Alexandri

728 2481 736 2521 ²
776 2489 836 2541 ἒ.
908 2565 916 2577 .
960 2517 993 2577 r}
1061 2533 1073 2553 „-
1169 2471 1213 2542 f
1284 2511 1459 2573 papae
1512 2490 1866 2563 undecimo,
1920 2490 2102 2571 regni
2148 2510 2299 2552 vero
2353 2489 2675 2553 Willelmi

1281 2592 1540 2673 gloriosi
1567 2593 1737 2673 regis
1788 2592 2144 2673 Anglorum
2172 2600 2238 2653 et
2274 2594 2450 2655 ducis
2506 2593 2673 2657 Nor-

1197 2693 1217 2705 *
1281 2716 1660 2757 mannorum
1709 2704 1885 2756 sexto
1928 2716 2008 2756 ex
2046 2705 2357 2777 praecepto
2393 2700 2673 2779 ejusdem

710 2800 1062 2863 Alexandri
1088 2820 1284 2881 papae,
1319 2806 1637 2858 annuente
1665 2798 1885 2859 eodem
1913 2818 2080 2878 rege,
2127 2800 2193 2858 in
2222 2803 2556 2881 praesentia
2582 2804 2675 2883 ip-

710 2906 838 2967 sius
857 2912 922 2965 et
942 2905 1372 2986 episcoporum
1394 2910 1583 2981 atque
1604 2902 1908 2962 abbatum
1929 2902 2242 2964 ventilata
2268 2913 2363 2965 est
2389 2925 2577 2967 causa
2596 2908 2673 2967 de

710 3008 1008 3089 primatu,
1027 3026 1213 3087 quem
1242 3000 1637 3065 Lanfrancus
1662 3001 2162 3066 Dorobernensis
2181 3007 2680 3089 archiepiscopus

709 3131 897 3192 super
943 3108 1408 3170 Eboracensem
1434 3106 1763 3168 ecclesiam
1805 3110 1948 3188 jure
1975 3128 2101 3168 suae
2127 3108 2399 3170 ecclesiae
2433 3112 2674 3191 procla-

708 3214 946 3286 mabat,
977 3220 1042 3272 et
1063 3212 1141 3271 de
1168 3211 1674 3272 ordinationibus
1703 3212 2097 3291 quorundam
2122 3214 2571 3295 episcoporum,
2594 3218 2671 3278 de

709 3319 937 3399 quibus
984 3317 1067 3379 ad
1103 3336 1290 3397 quem
1330 3314 1687 3396 specialiter
1732 3316 2078 3395 pertineret
2120 3326 2364 3378 certum
2407 3321 2671 3383 minime

708 3421 1056 3483 constabat.
1140 3418 1230 3480 Et
1273 3419 1532 3479 tandem
1585 3418 1925 3499 aliquando
1972 3420 2234 3482 diversis
2281 3422 2669 3485 diversarum

713 3522 1183 3605 Scripturarum
1212 3522 1700 3582 auctoritatibus
1757 3522 2093 3602 probatum
2135 3531 2324 3605 atque
2351 3534 2671 3589 ostensum

707 3636 820 3700 est,
850 3627 1015 3708 quod
1037 3624 1451 3687 Eboracensis
1466 3624 1728 3686 ecclesia
1758 3623 2199 3687 Cantuariensi
2210 3628 2437 3690 debeat
2464 3632 2671 3713 subja-

705 3733 1122 3811 cere,ejusque
1169 3729 1622 3809 archiepiscopi
1656 3736 1728 3789 ut
1755 3729 2044 3809 primatis
2089 3732 2285 3792 totius
2322 3730 2671 3797 Britanniae

706 3832 1216 3913 dispositionibus
1252 3832 1318 3892 in
1367 3832 1468 3893 his
1515 3852 1652 3913 quae
1698 3832 1781 3892 ad
1828 3830 2257 3895 Christianam
2296 3836 2668 3918 religionem

653 3980 665 3986 -
705 3938 1026 4019 pertinent
1053 3937 1120 3996 in
1164 3936 1456 3997 omnibus
1481 3936 1755 3997 obedire.
1844 3933 2311 4016 Subjectionem
2354 3961 2505 4003 vero
2532 3941 2667 4004 Du-

703 4041 1060 4113 nelmensiS,
1075 4041 1194 4101 hoc
1211 4048 1307 4101 est
1327 4038 1861 4101 Lindisfarnensis
1881 4040 2153 4121 episcopi
2174 4049 2361 4123 atque
2381 4048 2666 4109 omnium

702 4145 1033 4226 regionum
1062 4165 1103 4205 a
1127 4144 1416 4206 terminis
1443 4141 1907 4205 Licitfeldensis
1934 4143 2231 4224 episcopii
2264 4154 2329 4207 et
2357 4145 2669 4211 Humbrae
