3192 5050
755 599 871 661 114
1125 612 1336 662 semp.
1377 612 1620 661 RERUM
1658 612 1847 661 ens‘r.
1888 611 2238 662 WILLELMI
2278 614 2325 661 1.

754 758 992 839 grande
1037 759 1391 841 exemplum
1432 757 1746 832 inclaruit,
1794 757 2126 820 sedulitate
2171 757 2539 839 quotidiana
2575 756 2699 817 fre-

753 862 1112 942 quentando
1153 882 1332 925 sacra
1367 862 1683 944 mysteria.
1766 860 1933 924 Item
1980 864 2115 943 ejus
2158 861 2345 923 liberi
2395 862 2698 943 pietatem

756 963 1183 1029 Christianam
1209 968 1481 1030 infantes
1505 967 1778 1029 didicere
1804 966 2099 1049 diligenti
2116 967 2466 1050 provisione
2485 966 2697 1048 ipsius.

755 1066 1034 1151 Fulgent
1089 1070 1432 1153 plangendi
1483 1071 1740 1153 quidam
1790 1071 1859 1131 in
1926 1070 2307 1133 culminibus
2370 1069 2701 1151 potestatis

753 1178 1036 1248 terrenae,
1076 1193 1209 1237 sese
1253 1175 1321 1235 in
1356 1175 1687 1237 interitum
1725 1175 1953 1237 animae
1994 1175 2077 1237 ab
2124 1174 2217 1237 eis
2257 1173 2379 1255 ipsi
2418 1172 2697 1255 praecipi-

752 1285 980 1352 tantes,
1017 1298 1284 1359 quorum
1305 1299 1502 1342 avara
1537 1278 1903 1361 malignitas
1940 1278 2321 1360 optimorum
2361 1276 2553 1359 largae
2590 1296 2698 1339 vo-

752 1378 987 1443 luntati
1035 1382 1359 1459 obsistens,
1413 1382 1718 1447 Basilicas
1768 1383 1943 1445 intra
1980 1382 2478 1445 dominationem
2517 1399 2697 1443 suam

751 1486 1030 1547 construi
1074 1485 1326 1549 difficile
1369 1495 1484 1551 aut
1525 1487 1887 1549 nullatenus
1927 1487 2267 1568 permittit,
2312 1491 2698 1547 constructas

749 1586 974 1649 donari
997 1596 1194 1663 vetat,
1235 1610 1352 1652 nec
1388 1598 1643 1653 veretur
1688 1590 1973 1672 spoliare,
2014 1588 2343 1670 sacrilegio
2376 1586 2699 1650 cumulans

751 1690 1007 1754 divitias
1023 1692 1382 1774 peculiares.
1445 1692 1525 1756 In
1543 1694 1827 1776 pluribus
1851 1714 2001 1757 vero
2028 1692 2324 1757 Ecclesiis
2349 1690 2695 1755 Dominum

746 1795 1064 1859 collaudat
1087 1798 1299 1879 patria
1323 1806 1539 1861 nostra
1563 1800 1663 1861 sui
1705 1797 2017 1879 Principis
2060 1796 2377 1860 Willelmi
2422 1796 2697 1876 benigno

749 1898 964 1962 favore
983 1902 1302 1977 extructis,
1327 1909 1624 1984 prompta
1640 1901 1940 1983 largitate
1960 1901 2261 1963 adauctis.
2318 1898 2441 1982 Qui
2458 1898 2696 1962 volenti

749 2002 1032 2065 conferre
1056 2002 1258 2067 libens
1292 2006 1514 2087 cuique
1538 2004 1804 2068 liberam
1830 2006 2274 2068 auctoritatem
2300 2002 2698 2075 concedebat,

755 2105 1020 2171 Sanctus
1042 2108 1219 2172 nulla
1243 2130 1522 2192 unquam
1560 2109 1796 2191 injuria
1819 2109 2068 2183 laedens,
2099 2109 2377 2171 dicatum
2404 2108 2496 2169 eis
2520 2107 2696 2188 quip-

749 2212 924 2293 piam
949 2212 1382 2277 abalienando.
1462 2213 1915 2277 AEmulabatur
1952 2216 2087 2295 ejus
2119 2220 2402 2293 tempore
2441 2212 2696 2272 beatam

752 2315 1106 2398 AEgyptum
1123 2316 1522 2381 Normannia
1539 2318 1923 2401 regularium
1946 2315 2385 2379 coenobiorum
2400 2314 2699 2397 coHegiis,

751 2440 888 2502 quae
913 2422 1291 2504 praecipuum
1317 2423 1635 2487 consulem
1666 2422 1989 2485 habebant
2029 2422 2233 2501 ipsum
2274 2418 2449 2481 fideli
2488 2426 2698 2500 patro-

749 2525 936 2599 cini0,
988 2527 1253 2589 instanti
1296 2528 1680 2610 magisterio.
1784 2524 2042 2590 Cunctis
2095 2524 2345 2607 quidem
2397 2543 2698 2597 amorem,

750 2630 1072 2705 honorem,
1107 2651 1324 2694 curam
1349 2632 1725 2694 exhibebat:
1766 2631 2107 2712 impensius
2131 2638 2347 2692 tamen
2373 2628 2519 2703 illis,
2546 2647 2701 2710 quos

749 2738 952 2816 major
993 2735 1377 2798 existimatio
1418 2737 1710 2798 studiosae
1734 2735 2055 2816 religionis
2078 2733 2559 2796 commendavit.
2642 2731 2697 2794 Ο

749 2837 1164 2913 recolendam,
1181 2859 1220 2902 o
1239 2840 1636 2915 imitandam,
1654 2860 1696 2903 o
1714 2841 1783 2900 in
1800 2859 1986 2902 omne
2006 2856 2209 2902 aevum
2228 2839 2697 2921 propagandam

750 2941 1182 3024 diligentiam!
1262 2943 1548 3006 Abbates
1587 2950 1777 3025 atque
1818 2941 2159 3005 Pontifices
2181 2961 2447 3024 persona
2469 2942 2699 3024 princi-

749 3067 908 3129 pans
971 3055 1038 3110 et
1095 3046 1260 3110 laica
1325 3068 1441 3130 pro
1498 3047 1831 3130 disciplina
1881 3045 2321 3110 Ecclesiastica
2382 3047 2702 3109 subtiliter

749 3152 1066 3226 monebat,
1129 3159 1490 3214 constanter
1539 3152 2012 3225 exhortabatur,
2063 3171 2274 3214 severe
2324 3151 2697 3233 castigabat.

754 3255 1010 3338 Quoties
1075 3258 1208 3337 ejus
1274 3256 1482 3318 edicto
1532 3264 1601 3318 et
1651 3255 1911 3318 hortatu
1962 3274 2306 3317 convenere
2376 3252 2696 3329 Praesules,

752 3359 1282 3441 Metropolitanus
1326 3381 1471 3422 cum
1513 3357 1940 3442 suffraganeis,
1987 3359 2065 3421 de
2116 3366 2288 3421 statu
2329 3357 2701 3440 Religionis,

754 3464 1158 3539 clericorum,
1181 3463 1641 3528 Monachorum
1668 3474 1857 3546 atque
1881 3463 2204 3538 laicorum,
2219 3463 2457 3525 acturi:
2503 3461 2699 3545 Syno-
2778 3519 2791 3536 ,

750 3570 848 3632 dis
866 3569 965 3631 his
983 3569 1294 3631 arbitrum
1319 3589 1384 3631 se
1409 3570 1623 3632 deesse
1636 3569 1928 3633 nolebat:
1968 3589 2111 3630 cum
2137 3576 2211 3630 ut
2234 3569 2565 3648 proesentia
2587 3588 2699 3632 sua

749 3672 1040 3736 studiosis
1065 3671 1324 3734 adderet
1341 3673 1641 3746 studium,
1668 3673 2023 3735 cautionem
2041 3672 2243 3734 cautis
2255 3693 2273 3745 3
2312 3679 2451 3733 tum
2476 3691 2557 3734 ne
2584 3671 2699 3733 ali-

750 3795 870 3838 eno
909 3776 1270 3838 testimonio
1311 3776 1548 3839 discere
1595 3776 1913 3857 indigeret
1938 3776 2209 3857 qualiter
2235 3775 2498 3838 fuissent
2534 3783 2701 3849 acta,

752 3899 888 3961 quae
914 3888 1142 3942 cuncta
1164 3879 1647 3954 rationabiliter,
1671 3881 1979 3955 ordinate,
2006 3889 2075 3944 et
2100 3887 2313 3942 sancte
2339 3887 2483 3942 acta
2506 3879 2694 3941 fuisse

749 3984 1167 4046 desiderabat.
1247 3983 1482 4048 Delato
1506 3985 1671 4048 forte
1690 4005 1831 4048 suas
1850 3986 1933 4048 ad
1950 4005 2130 4048 aures
2148 3986 2414 4046 immani
2438 3985 2703 4066 alicujus

751 4087 1031 4160 crimine,
1059 4088 1225 4168 quod
1251 4087 1594 4168 Episcopus
1614 4097 1727 4151 aut
1742 4089 2237 4152 Archidieconus
2255 4091 2428 4170 justo
2446 4089 2699 4150 demen-

751 4193 878 4254 tius
920 4192 1352 4269 vindicaverit,
1396 4215 1576 4257 reum
1618 4195 1969 4276 majestatis
2006 4201 2256 4256 aeternae
2290 4194 2493 4256 teneri
2512 4195 2699 4275 jussit

752 4298 1223 4370 incarceratum,
1271 4317 1584 4378 quousque
1610 4313 1799 4362 causa
1837 4298 2076 4362 domini
2092 4299 2387 4379 nequitate
2414 4297 2700 4360 districta
