3192 5050
688 613 770 673 46
1019 627 1230 676 semp.
1274 624 1517 673 RERUM
1559 625 1751 674 πεῖν.
1794 625 2146 672 WILIAELMI
2188 624 2235 668 1.

769 773 1086 835 Autumat
1106 772 1408 853 insipiens
1432 771 1659 853 vulgus
1680 791 1743 832 se
1770 789 1947 852 posse
1971 769 2141 830 tueri

850 877 1080 958 Regali
1108 877 1239 938 solo
1263 877 1540 952 nornine,
1568 896 1697 938 non
1717 896 1923 957 opere.

772 980 850 1042 In
878 990 1156 1043 statuam
1185 982 1352 1062 regis
1377 1002 1534 1063 puer
1559 989 1657 1042 est
1684 981 1917 1042 electus
1944 981 2029 1042 ab
2052 979 2199 1052 illis,

854 1083 1046 1166 Cujus
1072 1085 1435 1166 praesidium
1461 1085 1733 1146 eontulit
1758 1085 2045 1146 exitium.

775 1187 1020 1270 Sparsit
1046 1187 1219 1250 fama
1243 1189 1464 1251 volans
1491 1190 1659 1270 quod
1683 1189 1877 1250 habet
1902 1186 2237 1250 Londonia
2262 1205 2476 1267 regem
2502 1204 2516 1246 :

850 1291 1102 1355 Gaudet
1131 1301 1198 1354 et
1226 1293 1581 1374 Anglorum
1607 1294 1717 1374 qui
1745 1300 2025 1374 superest
2051 1289 2333 1373 populuS.

767 1396 1026 1459 Interea
1051 1398 1232 1478 regni
1257 1405 1466 1458 totum
1493 1398 1603 1478 qui
1628 1398 1853 1478 quaerit
1878 1396 2131 1468 habere,

849 1501 939 1563 Et
964 1503 1099 1564 voti
1125 1519 1378 1582 compos
1403 1503 1504 1563 eui
1531 1502 1705 1564 favet
1735 1501 2167 1582 Omnipotens»,

769 1605 1011 1668 Hostili
1036 1604 1251 1686 gladio
1275 1625 1419 1686 quae
1441 1626 1556 1666 nee
1583 1613 1944 1667 vastaverat
1970 1606 2137 1686 igne,

849 1707 946 1770 Ut
971 1727 1098 1770 non
1127 1709 1402 1789 ingenio,
1423 1710 1705 1772 vindieat
1731 1710 2015 1790 imperio.
2068 1746 2093 1757 --

773 1811 1096 1893 Comperit
1124 1819 1196 1872 ut
1223 1811 1464 1873 fantum
1490 1812 1688 1874 fatuis
1712 1813 1880 1894 quod
1903 1831 2035 1873 non>
2051 1819 2192 1873 erat
2217 1831 2504 1892 aequum3

850 1914 1236 1995 Praeseriptae
1253 1935 1466 1978 muros
1491 1917 1673 1979 urbis
1692 1916 1867 1977 adire
1887 1917 2088 1996 jubet.

767 2017 992 2080 Paruit
1019 2018 1336 2099 extemplo
1363 2018 1551 2080 celeri
1577 2020 1853 2082 velocius
1878 2039 2035 2082 aura

847 2123 1100 2202 Agmen
1129 2120 1504 2202 belligerum
1526 2131 1743 2186 eastra
1767 2123 1973 2186 locare
1996 2122 2138 2184 sibi.

767 2227 1066 2292 Densatis
1095 2231 1314 2292 castris
1341 2247 1381 2290 a
1405 2229 1548 2290 leva
1575 2229 1811 2290 moenia
1834 2228 2054 2299 cinxit,

851 2332 942 2394 Et
962 2333 1146 2395 bellis
1165 2333 1375 2395 hostes
1401 2352 1532 2394 esse
1559 2332 1738 2394 dedit
1762 2332 2007 2414 vigiles,

766 2436 1066 2500 Dimidiae
1093 2438 1286 2500 leueae
1311 2439 1520 2518 spaeio
1549 2438 1829 2499 distabat
1856 2437 1941 2498 ab
1958 2436 2115 2500 urbe

848 2541 1054 2624 Regia
1079 2543 1328 2625 regaliS‚
1357 2542 1502 2603 aula
1529 2542 1757 2603 deeora
1780 2543 1989 2614 nimie,

767 2643 1000 2706 Fertur
1027 2646 1111 2707 ab
1137 2644 1412 2725 antiquis
1440 2664 1574 2726 quse
1606 2644 1801 2706 Guest
1828 2647 2109 2707 vocitata
2133 2643 2389 2717 colonie,

848 2746 1002 2810 Post
1032 2747 1207 2809 Petri
1231 2768 1470 2809 nomen
1491 2748 1673 2808 duxit
1698 2748 1781 2811 ab
1808 2747 2083 2809 eeclesia.

769 2850 1075 2913 Providus
1101 2851 1266 2912 hano
1293 2851 1508 2911 sedem
1526 2851 1649 2911 sibi
1678 2870 1789 2911 rex
1814 2850 2011 2931 elegit
2036 2850 2120 2913 ad
2144 2850 2363 2924 aedem‚

851 2954 1002 3036 Quae
1029 2956 1148 3016 sibi
1175 2954 1552 3035 complacuit
1573 2957 1715 3034 jure
1742 2974 1859 3015 nec
1887 2956 2217 3015 inmerito:

772 3057 945 3121 Nam
972 3059 1169 3122 veluti
1189 3067 1444 3140 patrum
1463 3066 1782 3119 testantur
1806 3066 1988 3139 gesta
2013 3061 2311 3141 priorum,

849 3161 952 3224 Ex
973 3162 1156 3224 solito
1175 3180 1356 3241 reges
1374 3162 1478 3221 hie
1498 3161 1791 3223 diadema
1816 3162 2047 3225 ferunt.

769 3264 1047 3328 Edifieat
1072 3264 1287 3337 moleS,
1327 3265 1604 3327 vervecis
1624 3285 1859 3327 eornua
1882 3265 2052 3328 ferro

853 3367 1156 3431 Fabrieat
1182 3376 1247 3428 et
1272 3366 1480 3449 talpas
1505 3368 1680 3429 urbis
1706 3369 2148 3432 adexeidium.

773 3472 1039 3535 Intonat
1064 3471 1211 3532 inde
1237 3472 1464 3545 minae,
1495 3491 1717 3551 poenas
1742 3480 1809 3533 et
1835 3472 2005 3536 bella
2027 3477 2326 3550 minatur,

850 3573 894 3637 J
897 3594 1087 3637 urans
1112 3574 1279 3655 quod
1297 3574 1542 3635 licitum
1563 3574 1617 3637 si
1642 3575 1766 3637 sibi
1790 3576 1875 3637 sit
1894 3578 2191 3657 spacium,

774 3676 1020 3740 Moenia
1046 3677 1361 3750 dissolvet,
1388 3686 1594 3739 turres
1622 3660 1883 3758 equabit
1908 3682 2135 3754 arenis-¹,

851 3780 1112 3843 Elatam
1129 3789 1370 3843 turrem
1398 3781 1680 3845 destruet
1705 3783 1979 3862 aggerie-

776 3883 1037 3947 Talibus
1063 3884 1294 3947 auditis
1321 3884 1488 3946 cives
1515 3904 1713 3965 pavor
1738 3886 1961 3947 atterit
1986 3888 2177 3961 urbia

859 3986 1156 4067 Occupat,
1198 3988 1499 4067 exagitat,
1539 3994 1797 4067 torquet
1820 3995 1889 4047 et
1912 3992 2249 4053 excruciat.

776 4089 958 4152 Intus
986 4098 1124 4151 erat
1153 4090 1407 4171 quidam
1435 4097 1795 4151 contractus
1820 4092 2150 4158 debilitate

853 4192 1124 4265 Renum,
1165 4194 1374 4273 sieque
1400 4192 1631 4273 pedum
1660 4194 1867 4273 segnis
1890 4195 1975 4257 ab
2000 4195 2222 4273 officio,

774 4295 1062 4358 Vulnera
1088 4316 1202 4377 pro
1228 4296 1438 4376 patria
1463 4297 1759 4376 quoniam
1786 4317 2119 4363 numerosa
2142 4306 2412 4387 recepit:
