3192 5050
1224 600 1477 649 muivis
1502 601 1822 651 mim-rio.
1939 635 1950 647 ι
2425 589 2507 652 15

616 742 720 806 Ex
744 746 924 826 cujus
946 743 1043 804 rei
1062 751 1297 806 eventu
1321 744 1649 819 discimus3
1675 745 1846 826 quod
1863 746 2185 829 sapienter
2209 747 2370 829 agit,
2395 747 2506 829 qui

532 850 773 910 bonum
799 847 969 928 quod
995 867 1185 929 agere
1212 848 1493 930 disponit
1528 868 1721 929 quam
1747 850 1938 912 citius
1970 858 2180 932 potest
2203 849 2506 932 perficere

534 951 791 1032 satagit.
862 949 1101 1011 Nullus
1126 951 1299 1011 enim
1338 951 1539 1024 novit,
1556 952 1614 1013 si
1648 951 1838 1014 hodie
1863 953 2045 1026 vivit,
2067 953 2122 1014 si
2155 954 2504 1015 crastinum

534 1054 703 1115 diem
730 1053 947 1115 videre
975 1053 1247 1133 poterit:
1288 1060 1357 1114 et
1376 1053 1521 1115 ideo
1548 1055 1922 1134 prudentius
1947 1055 2104 1136 agit,
2132 1055 2244 1136 qui
2267 1055 2506 1118 bonum

534 1158 704 1240 quod
742 1159 811 1218 in
846 1158 1123 1219 crastino
1164 1177 1355 1238 agere
1396 1157 1695 1238 disponit,
1721 1158 1908 1220 hodie
1952 1158 2167 1232 faciat,
2209 1160 2262 1220 si
2288 1160 2504 1240 possit.

540 1261 837 1324 Securius
861 1261 1035 1322 enim
1055 1261 1405 1342 gaudemus
1431 1261 1511 1322 de
1536 1262 1706 1322 bono
1725 1260 1894 1342 quod
1913 1260 2154 1323 factum
2179 1262 2504 1337 habemus,

534 1383 727 1445 quam
779 1364 859 1425 de
914 1363 1083 1426 bono
1136 1362 1305 1444 quod
1358 1362 1565 1425 facere
1631 1363 2038 1444 disponimus,
2101 1370 2168 1426 et
2223 1364 2504 1427 nondum

531 1467 817 1529 fecimus.

616 1568 955 1632 Multoties
992 1569 1166 1630 enim
1193 1567 1569 1648 quibusdam
1613 1567 1846 1630 accidit
1887 1575 1962 1630 ιιι
2006 1567 2160 1630 dum
2203 1567 2507 1632 differunt

532 1674 773 1734 bonum
800 1671 1006 1734 facere
1028 1671 1197 1752 quod
1214 1670 1457 1745 volunt,
1472 1672 1565 1732 eis
1590 1670 1846 1733 deficiat
1871 1679 1938 1732 et
1955 1670 2250 1733 voluntas
2273 1679 2342 1732 et
2366 1692 2506 1753 pos-

531 1775 822 1840 sibilitas.
908 1759 1059 1856 Ques
1078 1781 1295 1837 autem
1310 1773 1391 1836 de
1416 1773 1519 1835 his
1535 1774 1876 1835 comitibus
1903 1775 2070 1848 unde
2094 1773 2340 1836 locutus
2365 1795 2504 1838 sum

532 1899 577 1942 a
614 1877 993 1960 quibusdam
1036 1876 1281 1939 soleant
1332 1874 1575 1950 referri,
1641 1877 1696 1939 si
1741 1895 1866 1958 ego
1911 1878 2182 1940 scribam
2225 1877 2506 1940 fortassis

534 1982 912 2065 quibusdam
952 2000 1081 2042 non
1121 1978 1498 2061 displicebit.

615 2085 807 2149 Rollo
831 2085 943 2166 qui
967 2084 1156 2166 hujus
1180 2082 1612 2164 generationis
1637 2082 1880 2164 primus
1905 2083 2140 2158 extitit,
2161 2091 2504 2165 antequam

539 2188 609 2252 N
608 2207 1009 2252 ormanmam
1022 2187 1307 2269 cepisset,
1327 2185 1491 2246 sicut
1507 2183 1766 2266 quidam
1782 2183 2004 2245 dicunt
2005 2205 2318 2266 ,paganus
2329 2195 2504 2261 erat;

534 2292 649 2355 sed
672 2290 1117 2373 praedicatione
1160 2288 1485 2369 cujusdam
1540 2286 1996 2368 archiepiscopi
2023 2285 2506 2370 Rotomagensis

534 2393 727 2457 fidem
758 2392 1000 2455 Christi
1035 2391 1326 2473 suscepit,
1354 2391 1463 2471 qui
1491 2409 1737 2470 quoque
1763 2389 2124 2474 baptizatus,
2159 2397 2293 2451 est:
2333 2390 2506 2472 leges

538 2495 935 2561 Christianus
954 2493 1451 2577 quamdiuvixit,
1463 2498 1529 2555 et
1544 2493 1678 2574 ipse
1686 2491 1847 2555 bene
1863 2491 2222 2567 custodivit,
2249 2500 2317 2555 et
2327 2495 2503 2557 omni

533 2600 769 2683 populo
788 2620 901 2662 suo
925 2599 1089 2661 bene
1115 2596 1429 2659 custodire
1456 2595 1629 2659 fecit.
1713 2594 1980 2677 Quantae
2003 2615 2154 2659 vero
2179 2596 2504 2660 humilita-

533 2705 621 2766 tis
638 2703 783 2778 fuit,
800 2710 1136 2785 postquam
1163 2698 1356 2761 fidem
1379 2696 1622 2761 Christi
1639 2699 1930 2780 suscepit,
1957 2719 2036 2761 ex
2061 2719 2191 2762 una
2214 2721 2284 2761 re
2311 2721 2502 2781 quam

531 2808 686 2870 fecit
710 2813 1009 2891 patenter
1052 2803 1297 2865 cunctis
1316 2802 1619 2864 innotuit.
1704 2800 1992 2883 Quodam
2017 2810 2304 2884 tempore
2330 2812 2500 2886 post-

537 2931 730 2995 quam
775 2907 1146 2993 pacificatus
1192 2913 1291 2968 est
1316 2925 1461 2968 cum
1510 2925 1662 2987 rege
1690 2903 1996 2979 Franciae,
2041 2908 2366 2969 venientes
2418 2909 2503 2969 ad

534 3036 682 3077 eum
728 3013 1021 3076 homines
1048 3009 1414 3089 Rotomagi,
1460 3015 1790 3090 coeperunt
1835 3028 1982 3070 eum
2035 3029 2260 3090 rogare
2307 3018 2382 3071 ιιι
2422 3011 2502 3073 de

532 3117 811 3182 Francia
825 3115 1071 3177 faceret
1088 3130 1314 3193 corpus
1339 3111 1546 3173 sancti
1567 3110 1864 3173 Audoeni
1882 3110 2108 3185 redire,
2134 3112 2303 3192 quod
2316 3133 2501 3194 prop-

532 3231 635 3285 ter
657 3222 959 3283 timorem
986 3220 1122 3299 ejus
1148 3215 1301 3277 illuc
1327 3213 1483 3276 olim
1511 3214 1722 3276 fuerat
1746 3213 2146 3288 translatum,
2159 3222 2506 3295 antequam-

531 3325 819 3407 coepisset
848 3319 1337 3384 Normanniam.
1422 3315 1664 3379 Tristes
1689 3318 1861 3379 enim
1889 3323 1956 3379 et
1981 3315 2257 3377 multum
2285 3316 2500 3379 dolen-

528 3438 629 3491 tes
652 3446 887 3500 sumus,
914 3423 1084 3505 quod
1108 3423 1199 3485 sic
1244 3420 1786 3502 archiepiscopum
1813 3426 2098 3481 nostrum
2125 3419 2498 3500 praedictum

533 3535 887 3598 habemus:
926 3529 1049 3591 hoc
1086 3526 1351 3589 audiens
1376 3542 1585 3587 comes
1610 3522 1943 3585 mandavit
1967 3541 2183 3603 regem
2209 3519 2500 3584 Franciae

532 3646 607 3701 ut
632 3638 697 3699 ei
758 3653 942 3697 suum
970 3631 1407 3713 presbyterum
1454 3626 1768 3699 redderet,
1796 3625 1963 3707 quod
1996 3626 2052 3686 si
2078 3645 2206 3686 non
2244 3624 2501 3700 faceret,

530 3736 945 3824 proculdubio
960 3735 1152 3797 sciret
1166 3731 1336 3813 quod
1358 3729 1535 3792 nullo
1553 3728 1744 3791 modo
1762 3748 1984 3809 pacem
2004 3748 2149 3789 cum
2169 3748 2244 3789 eo
2263 3727 2498 3791 habere

530 3849 741 3927 posset
767 3861 785 3903 ι
824 3847 1093 3902 tuncrex
1103 3833 1389 3898 Francius
1398 3832 1619 3895 nolens
1645 3832 1706 3894 ei
1725 3830 1935 3893 dehac
1949 3851 2018 3892 re
2035 3831 2242 3893 facere
2251 3839 2500 3893 contra-

531 3948 720 4020 rium,
752 3941 1035 4005 reddidit
1060 3940 1121 4001 ei
1147 3939 1311 4000 sicut
1326 3935 1586 4017 petebat
1613 3954 1798 3998 suum
1825 3934 2260 4015 presbyterum
2287 3954 2302 3995 z
2341 3942 2497 3996 tunc

532 4068 741 4113 comes
788 4044 1091 4129 praecepit
1125 4049 1201 4104 ut
1226 4040 1375 4102 inde
1403 4040 1810 4133 reduceretur
1853 4046 2108 4099 sanctus
2148 4038 2496 4102 Audoenus

531 4172 777 4236 suasque
805 4148 1177 4213 redderetur
1193 4143 1468 4209 eeclesiae
1488 4142 1657 4205 unde
1683 4140 1894 4205 fuerat
1918 4148 2296 4224 asportatus.
2354 4139 2499 4203 Mo-
