3192 5050
858 651 1072 699 scRIP.
1114 649 1359 698 RERUM
1396 649 1588 698 GEST.
1634 649 1988 698 WILLELMI
2029 651 2074 697 Ι.

469 794 654 856 ravit.
740 791 1155 858 Considerans
1174 803 1387 856 autem
1410 795 1801 856 adversantis
1819 802 2006 856 terrae
2024 794 2190 856 vires
2215 795 2435 875 ingen-

467 904 582 971 tes,
632 917 786 979 quas
831 899 1115 960 traduxit
1167 900 1445 962 modicas
1488 920 1640 973 esse,
1693 899 1989 980 regiratis
2040 898 2242 980 proris
2288 917 2432 958 eum

467 1001 683 1083 opima
727 1003 939 1084 praeda
981 1001 1049 1065 N
1049 1005 1446 1065 ermanniam
1502 1005 1752 1086 repetit.
1836 1003 2030 1065 Hunc
2070 1003 2191 1065 sibi
2233 1002 2434 1064 larem

468 1111 682 1165 tutum
710 1107 965 1180 sciebat,
992 1106 1262 1189 largum,
1289 1117 1357 1169 et
1395 1108 1790 1170 benevolum.
1875 1107 1944 1168 N
1943 1128 2024 1168 on
2064 1105 2268 1168 multo
2294 1112 2436 1187 post

469 1208 695 1269 deinde
716 1210 1063 1272 intersticio
1083 1213 1389 1293 temporis
1402 1211 1868 1274 Doroberniam
1884 1212 2062 1274 venit
2083 1209 2438 1272 Alveradus

468 1320 861 1377 transvectus
887 1336 965 1378 ex
1003 1324 1191 1397 portu
1220 1315 1374 1390 1010,
1414 1316 1767 1402 accuratius
1771 1335 1983 1405 quam
2011 1315 2209 1376 frater
2248 1321 2440 1374 antea

470 1420 767 1482 adversus
805 1421 935 1484 vim
976 1403 1383 1502 praeparatus.
1468 1413 1801 1502 Sceptrum
1843 1427 1909 1481 et
1934 1421 2065 1502 ipse
2102 1425 2438 1500 paternum

468 1523 847 1603 requirebat.
932 1523 1131 1606 Quem
1180 1526 1518 1586 adeuntem
1558 1525 1864 1586 interiora
1929 1522 2269 1603 Godwinus
2325 1519 2441 1583 Co-

470 1645 605 1686 mes
629 1626 871 1688 nefario
893 1628 1036 1690 dolo
1062 1628 1405 1710 suspiciens
1430 1628 1708 1689 factione
1733 1624 2128 1708 iniquissima
2152 1625 2439 1688 tradidit.

470 1725 733 1790 Etenim
761 1730 929 1792 ultro
944 1733 1219 1793 occurrit
1234 1733 1295 1792 ei
1311 1732 1510 1793 veluti
1527 1732 1610 1792 ad
1624 1732 1947 1804 honorem,
1967 1729 2242 1792 officium
2257 1749 2439 1790 suum

472 1835 745 1916 benigne
786 1837 1094 1917 promisit,
1142 1835 1355 1898 oscula
1401 1836 1574 1908 danS,
1622 1836 1704 1896 ad
1748 1834 1958 1907 fidem,
2007 1854 2080 1895 ac
2126 1834 2437 1894 dextram.

475 1935 770 1999 Mensam
823 1947 1128 2019 praeterea
1179 1939 1322 2000 cu'm
1378 1959 1453 2001 eo
1506 1937 1912 2000 familiariter
1950 1938 2441 1999 communicavit

474 2049 663 2122 atque
690 2043 968 2104 consilia.
1053 2040 1279 2104 Noctis
1306 2052 1520 2104 autem
1538 2044 1834 2104 insecutae
1860 2043 2071 2104 medio
2095 2063 2320 2104 manus
2348 2043 2442 2102 in·
2499 2068 2505 2073 ·

474 2147 663 2208 ermis
690 2167 768 2208 ex
811 2165 1031 2208 somno
1067 2146 1354 2228 languidi
1397 2154 1537 2228 post
1576 2155 1829 2228 tergum
1871 2147 2213 2208 restrinxit.
2298 2145 2443 2208 Tali

472 2258 903 2331 expugnatum
920 2251 1233 2314 suavitate
1253 2249 1656 2313 Londoniam
1674 2253 1810 2332 regi
1831 2252 2184 2314 transmisit
2213 2251 2444 2313 Heral-

477 2357 575 2430 do,
621 2366 688 2418 et
733 2358 813 2418 de
858 2357 1166 2418 comitatu
1220 2355 1463 2436 aliquot
1504 2354 1799 2416 similiter
1840 2356 2120 2416 vinctos:
2174 2355 2447 2436 reliquos

473 2460 710 2544 partim
722 2461 789 2521 in
806 2459 1129 2543 ergastula
1136 2459 1465 2541 deputavit
1474 2467 1793 2541 separatos
1810 2459 1892 2520 ab
1906 2460 2177 2535 invicem
2187 2459 2446 2520 distrac-

476 2568 649 2628 tione
692 2567 1069 2639 miseranda,
1117 2566 1352 2645 partim
1398 2565 1537 2626 diro
1590 2563 1718 2625 fine
1761 2566 2012 2627 necavit
2053 2565 2447 2627 horribiliter

476 2674 865 2735 evisceratos,
950 2668 1216 2732 Gavisus
1243 2666 1567 2730 Heraldus
1593 2669 1662 2727 in
1688 2669 1958 2731 vinculis
1975 2677 2304 2751 conspecto
2333 2669 2447 2730 Al-

476 2776 727 2849 verado,
780 2774 1085 2837 satellites
1132 2774 1264 2852 ejus
1311 2790 1501 2852 quam
1544 2772 1819 2853 optimos
1865 2792 2078 2834 coram
2134 2792 2208 2834 eo
2255 2774 2446 2854 jussit

477 2878 842 2960 decapitari,
862 2878 1067 2959 ipsum
1094 2876 1306 2937 orbari
1323 2874 1688 2948 luminibus,
1716 2875 1862 2936 dein
1884 2884 2238 2956 equestrem
2265 2877 2448 2937 nudi-

476 2991 613 3045 tate
637 2989 964 3062 turpatum
998 2981 1080 3041 ad
1114 3000 1291 3041 mare
1319 2979 1542 3040 deduci
1570 2980 1686 3041 sub
1713 3000 1874 3061 equo
1900 2981 2164 3061 pedibus
2188 2982 2446 3064 colliga-

478 3088 581 3162 tis,
634 3093 709 3148 ut
760 3088 828 3147 in
876 3084 1047 3168 Elga
1098 3085 1305 3147 insula
1355 3084 1547 3146 exilio
1592 3086 1980 3146 cruciaretur
2031 3094 2098 3147 et
2145 3095 2445 3169 egestate.

481 3190 864 3253 Delectabat
908 3191 1115 3271 ipsum
1164 3190 1302 3251 vita
1342 3190 1585 3251 inimici
1631 3192 1887 3271 gravier
1931 3200 2154 3254 morte.
2243 3191 2448 3254 Simul

481 3294 869 3359 Edwardum
908 3297 1166 3357 omnino
1194 3296 1542 3357 absterrere
1572 3297 1942 3359 intendebat
1967 3300 2256 3379 germani
2282 3297 2447 3360 cala-

478 3402 827 3463 mitatibuS.
911 3398 1019 3462 Ita
1052 3400 1321 3481 deperiit
1347 3400 1874 3463 formosissimus
1857 3403 2119 3478 mvenis,
2147 3404 2447 3467 laudatis-

482 3507 679 3568 simus
731 3505 1039 3579 bonitate,
1122 3503 1317 3585 Regis
1363 3504 1569 3585 proles
1649 3513 1714 3567 et
1770 3504 2018 3588 Regum
2073 3528 2283 3589 nePOS,
2335 3528 2452 3569 nec

480 3610 875 3691 supervivere
904 3609 1112 3689 potuit
1132 3608 1277 3669 diu:
1304 3609 1407 3669 cui
1427 3609 1577 3669 dum
1594 3608 1762 3670 oculi
1777 3608 2215 3685 effoderentur,
2262 3611 2454 3672 cultri

481 3713 808 3775 cerebrum
843 3711 1106 3774 violavit
1144 3732 1380 3773 mucre.
1464 3711 1619 3775 Ideo
1645 3714 1824 3775 brevi
1851 3713 2306 3779 exclamatione
2333 3716 2453 3779 hac

485 3826 551 3878 te
578 3836 692 3877 nos
720 3814 1129 3897 alloquemur,
1162 3814 1483 3889 Godwine,
1504 3819 1602 3897 cuj
1611 3836 1682 3878 us
1709 3818 1946 3878 mortui
1966 3839 2194 3879 nomen
2217 3820 2456 3881 infame

486 3927 769 4001 superest
796 3928 987 4000 atque
1014 3919 1323 3980 odiosum.
1407 3918 1581 3981 Nam
1613 3940 1653 3981 a
1679 3920 1946 4001 flagitio,
1989 3922 2156 4003 quod
2181 3922 2458 3985 malitio-

486 4024 724 4085 sissime
766 4023 1120 4103 patravisti,
1163 4023 1481 4085 deterrere
1508 4032 1595 4099 te,
1636 4026 1690 4085 si
1717 4024 1856 4085 fieri
1896 4028 2110 4106 possit,
2135 4025 2457 4088 vellemus.

490 4127 695 4209 Quam
706 4126 1056 4187 execranda
1064 4126 1233 4187 furia
1250 4128 1513 4208 agitaris
1530 4128 1553 4191 ’ζ
1576 4149 1698 4210 quo
1719 4130 1904 4191 corde
1919 4138 2142 4192 contra
2149 4133 2252 4211 jus
2271 4138 2463 4212 atque

492 4231 591 4293 fas
632 4230 1124 4293 abominandum
1166 4229 1409 4292 facinus
1449 4232 1832 4294 machinaris
1854 4233 1880 4295 ’ζ’
1920 4254 2048 4307 cur,
2091 4234 2160 4294 in
2199 4235 2464 4296 exitium
