3192 5050
1165 588 1257 632 DE
1299 588 1532 633 MORTE
1577 588 1655 633 LA
1665 586 1985 632 NFRANCI.
2472 571 2551 635 75

1318 1121 1442 1184 DE
1499 1121 1819 1186 MORTE
2131 1196 2134 1201 ¹

1102 1277 2039 1348 LANFRANOI.

1029 1644 1053 1672 c
1162 1598 1357 1661 BIIT
1452 1600 1654 1661 felicis
1740 1595 2061 1660 memoriae
2154 1594 2550 1660 Lanfraneus

644 1727 680 1788 ,μή
759 1764 776 1780 Ἰ
929 1716 989 1800 ,ζ-
1029 1705 1111 1828 ’ἢ
1163 1704 1704 1785 ArchiepiseopuS‚
1774 1701 2117 1765 Catholicae
2171 1701 2321 1763 fidei
2373 1702 2550 1783 fidel-

877 1885 879 1888 *
925 1844 941 1884 ,ζ
1049 1864 1053 1868 .
1106 1834 1111 1868 ,¹
1161 1808 1408 1868 issimus
1461 1808 1827 1868 observator
1879 1814 1945 1867 et
2001 1805 2401 1867 firmissimus
2451 1826 2550 1866 ro·

752 1951 756 1966 .
837 1900 845 1929 ³
993 1935 997 1936 ⁷
1013 1909 1065 1993 ἐξ
1094 1946 1112 2004 «3
1159 1911 1434 1984 borator,
1503 1912 1612 1991 qui
1692 1917 2067 1991 cooperante
2134 1909 2347 1989 gratia
2427 1905 2553 1968 Dei

788 1993 797 2009 ⁴
1033 2081 1073 2101 ,
1089 1991 1100 2057 ’Ῐ
1161 2013 1484 2075 ecelesiam
1512 2015 1701 2074 istam
1731 2033 1770 2073 a
1790 2012 2219 2073 fundamentis
2239 2010 2554 2085 fundavit,

1160 2117 1640 2189 consummavit,
1681 2116 1902 2177 multis
1943 2124 2009 2176 et
2048 2115 2331 2176 honestis
2371 2134 2555 2174 orna-

593 2222 843 2294 mentiS,
911 2220 1055 2282 aliis
1119 2241 1198 2282 ex
1263 2241 1418 2281 auro
1482 2218 1893 2280 mundissimo
1958 2219 2144 2279 factis
2210 2217 2351 2278 aliis
2406 2237 2561 2278 auro

593 2325 981 2406 geminisque
1008 2325 1265 2406 paratis,
1307 2323 1448 2384 aliis
1467 2325 1588 2384 etsi
1616 2324 1748 2390 sine
1776 2344 1929 2384 auro
1956 2344 2029 2384 ae
2054 2322 2342 2402 gemmiS‚
2384 2342 2559 2402 mag-

595 2427 781 2490 nifiee
834 2437 1049 2490 tamen
1105 2427 1437 2489 laudandis
1487 2428 1758 2500 ornavit,
1826 2427 2044 2487 multis
2111 2446 2184 2487 ae
2252 2424 2564 2506 religiosis

597 2532 1049 2593 monachorum
1076 2533 1355 2614 personis
1382 2532 1633 2604 ditavit,
1675 2531 1881 2592 multa
1920 2531 2313 2611 multumque
2355 2550 2562 2591 rever-

599 2656 674 2696 en
682 2636 764 2696 da
789 2635 1093 2716 religione
1121 2636 1461 2696 decoravit.
1545 2632 1678 2695 Hie
1719 2636 1915 2695 etiam
1955 2633 2247 2706 claustra,
2288 2632 2563 2706 cellaria,

601 2738 949 2812 refectoria,
1017 2738 1407 2812 dormitoria,
1475 2746 1852 2819 caeterasque
1906 2758 2125 2800 omnes
2185 2737 2566 2823 neeessarias

601 2840 880 2902 officinas
906 2850 972 2902 et
999 2843 1214 2903 omnia
1240 2840 1493 2903 edificia
1530 2842 1701 2902 infra
1740 2843 2052 2903 ambitum
2080 2842 2268 2901 curiae
2307 2841 2566 2901 consist-

601 2946 775 3005 entia
826 2965 968 3005 eum
1022 2946 1156 3027 ipso
1196 2946 1442 3007 ambitu
1480 2946 1860 3007 mirabiliter
1900 2946 2191 3006 miranda
2230 2943 2567 3005 edificavit.

606 3046 890 3109 Pretioso
943 3049 1196 3129 insuper
1246 3058 1621 3111 ornamento
1661 3049 1966 3110 librorum
2010 3048 2335 3109 eeclesiam
2378 3048 2567 3109 istam

603 3152 885 3231 apprime
926 3152 1305 3225 honestavit,
1360 3173 1625 3232 quorum
1669 3152 2161 3232 quamplurimos
2214 3171 2328 3231 per
2373 3160 2575 3212 semet

604 3254 809 3333 ipsum
850 3254 1229 3316 emendavit.
1328 3254 1887 3336 Archiepiseopum
1930 3274 2173 3335 quoque
2215 3252 2575 3314 Eboraeen-

604 3376 738 3417 sem
766 3363 1140 3436 caeterosque
1161 3356 1346 3436 hujus
1372 3358 1554 3437 regni
1579 3358 1897 3437 episcopos
1916 3376 1957 3417 a
1983 3356 2368 3435 subjectione
2390 3355 2578 3436 hujus

606 3457 881 3519 ecolesiae
906 3457 1271 3531 resilienteS,
1313 3459 1395 3520 ad
1435 3480 1652 3520 veram
1694 3467 1759 3521 et
1799 3460 2081 3520 debitam
2123 3458 2574 3538 subjectionem

609 3560 948 3622 revocavit.
1033 3558 1158 3621 Per
1182 3560 1350 3622 hunc
1377 3563 1573 3623 etiam
1602 3571 1668 3623 et
1695 3563 1830 3645 ipso
1856 3563 2147 3635 faciente,
2187 3581 2407 3621 omnes
2435 3560 2580 3622 illas

611 3674 814 3727 terras
842 3684 978 3745 quae
1004 3664 1071 3724 in
1100 3665 1530 3727 anniversaria
1556 3667 1659 3727 die
1687 3668 1853 3748 regis
1888 3665 2201 3727 Willelmi
2240 3685 2581 3727 commem-

612 3775 892 3841 orantur,
920 3767 1110 3847 longo
1130 3774 1414 3848 tempore
1431 3770 1710 3843 amissas,
1738 3770 2001 3831 ecelesia
2026 3770 2151 3830 ista
2166 3769 2585 3849 recuperavit.

614 3868 819 3931 Extra
843 3870 1169 3931 civitatem
1196 3870 1378 3952 larga
1417 3872 1782 3935 habitacula
1821 3874 1990 3947 feeit,
2033 3892 2169 3954 quae
2209 3872 2591 3953 pauperibus

617 3982 684 4034 et
711 3972 981 4035 infirmis
1008 3975 1297 4057 replevit,
1340 3978 1566 4057 quibus
1594 3978 1671 4038 de
1707 3978 1977 4060 propriis
2017 3977 2204 4038 rebus
2242 3976 2483 4039 victum
2526 3983 2592 4037 et

616 4079 918 4139 vestitum
972 4078 1355 4141 sufficienter
1402 4082 1624 4162 largiri
1677 4079 2013 4164 praeeepits
2080 4079 2389 4142 Similiter
2442 4079 2597 4141 foris

617 4183 942 4244 civitatem
988 4184 1163 4245 beati
1213 4183 1504 4266 Gregorii
1547 4185 1870 4248 eeclesiam
1924 4185 2292 4265 composuit,
2352 4183 2419 4243 in
2474 4203 2602 4262 qua
