3192 5050
719 586 838 652 112
1045 604 1255 652 semp.
1296 603 1537 652 RERUM
1576 603 1767 652 ens'r.
1810 604 2158 653 WILLELMI
2200 600 2281 653 1.·

719 749 875 813 velis
899 751 1026 812 tuis
1051 751 1482 830 aspiraverunt
1506 751 1939 812 redeuntibus:
1994 752 2186 831 impie
2212 751 2481 813 clemens
2506 768 2661 831 pon-

715 862 838 928 tus,
865 856 974 937 qui
998 855 1330 917 vehentem
1357 862 1422 916 te
1447 854 1767 917 hominem
1792 856 2187 917 teterrimum
2215 856 2296 917 ad
2315 855 2493 917 littus
2520 876 2661 934 pro-

716 958 864 1020 vehi
888 978 1102 1038 passus
1125 967 1254 1020 est:
1293 960 1540 1021 sinistre
1580 958 1828 1038 placida
1852 960 2041 1021 statio
2064 958 2206 1033 fuit,
2250 980 2385 1040 quae
2426 960 2660 1038 recepit

715 1070 782 1125 te
806 1063 1206 1145 naufragium
1231 1064 1652 1125 miserrimum
1676 1065 1897 1143 patriae
1922 1060 2287 1125 afferentem
2308 1064 2323 1125 !
2344 1059 2380 1085 ’⁹

798 1165 978 1229 Inter
1014 1168 1448 1250 occupationes
1486 1174 1702 1228 tamen
1741 1186 1951 1227 rerum
1991 1166 2356 1228 bellicarum
2395 1168 2522 1229 sive
2549 1167 2659 1228 do-

716 1270 1136 1344 mesticarum,
1190 1290 1341 1352 quas
1386 1271 1735 1333 mundanas
1778 1270 2114 1352 appellant,
2181 1270 2390 1332 studia
2432 1270 2657 1348 optimi

719 1374 1018 1456 principis
1059 1375 1126 1434 in
1170 1375 1398 1437 divinis
1432 1375 1687 1455 egregia
1727 1375 2023 1447 extitere3
2080 1395 2216 1455 quae
2258 1395 2370 1456 per
2413 1374 2662 1455 singula

718 1498 793 1540 ac
831 1499 946 1560 pro
983 1479 1417 1559 magnitudine
1458 1499 1570 1540 sua
1610 1480 1871 1539 recitare
1917 1498 2041 1539 non
2090 1477 2441 1540 sufficimus.
2526 1475 2659 1539 No-

717 1589 898 1643 verat
936 1583 1105 1643 enim
1151 1601 1276 1642 non
1317 1580 1517 1643 solum
1559 1583 1946 1665 principatus
1986 1585 2052 1643 in
2091 1583 2326 1645 mundo
2365 1582 2661 1644 florentes

717 1685 896 1747 brevi
913 1705 1132 1747 occasu
1150 1686 1496 1759 terminari,
1512 1672 1925 1749 verumetiam
1945 1688 2136 1769 ipsius
2154 1686 2372 1748 mundi
2391 1685 2659 1767 figuram

718 1789 1075 1875 praeterire:
1145 1789 1398 1850 unicum
1445 1796 1660 1851 autem
1706 1810 1971 1872 regnum
2017 1789 2428 1852 immobiliter
2474 1798 2656 1862 stare,

717 1894 866 1956 huic
879 1894 1204 1976 praesidere
1221 1895 1662 1975 imperatorem
1676 1893 2056 1957 ineffabilem
2072 1896 2397 1956 dominatu
2408 1902 2659 1967 aeterno,

718 2019 929 2061 rerum
981 1997 1538 2071 universalitatem,
1594 2019 1782 2081 quam
1829 1999 2127 2071 condidit,
2180 2007 2487 2060 coaeterna
2539 2000 2659 2061 sibi

719 2103 1115 2187 providentia
1132 2103 1611 2184 gubernantem,
1638 2111 2027 2164 terrenorum
2056 2100 2368 2163 dulcedini
2392 2103 2658 2162 nimium

720 2209 963 2271 deditos
1003 2216 1302 2289 tyrannos
1344 2214 1664 2268 momento
1705 2216 2022 2268 conterere
2069 2214 2408 2287 potentem,
2450 2206 2661 2267 diade-

721 2321 897 2376 mata
951 2321 1138 2393 atque
1198 2311 1438 2393 palatia
1503 2310 1926 2371 inaestimabili
1992 2312 2299 2392 perpetim
2352 2310 2662 2393 fulgentia

720 2419 938 2480 decore
981 2416 1326 2480 satellitum
1380 2436 1631 2477 suorum
1686 2416 2159 2495 perseverantiae
2212 2417 2659 2497 disponentem,

721 2525 788 2585 in
825 2523 938 2585 illa
964 2522 1410 2605 gloriosissima
1434 2520 1691 2583 civitate
1712 2520 1846 2581 veri
1872 2520 2217 2602 summique
2244 2520 2394 2583 boni
2420 2524 2661 2604 patria:

720 2629 1069 2711 genitorem
1098 2647 1297 2702 suum,
1326 2625 1634 2706 inclytum
1660 2624 1879 2685 ducem
1909 2622 2275 2699 Robertum,
2300 2634 2441 2706 post
2466 2647 2660 2688 mem-

719 2732 959 2796 oranda
983 2732 1228 2804 merita,
1276 2730 1497 2812 quibus
1539 2728 1711 2790 domi
1747 2726 1993 2800 claruit,
2041 2727 2236 2790 fasces
2277 2729 2658 2810 dignitatum

720 2837 1078 2920 seposuisse,
1129 2835 1528 2917 peregrinum
1582 2834 1706 2894 iter
1750 2851 1824 2894 ac
1869 2832 2160 2913 periculis
2205 2833 2459 2915 plenum
2505 2836 2660 2896 arri-

721 2943 944 3025 puisse,
1012 2940 1318 3002 desiderio
1371 2937 1768 3020 imperatoris
1830 2935 1999 2998 illius
2050 2937 2115 2997 in
2171 2957 2439 3019 superna
2507 2937 2661 3001 Sion

723 3044 1172 3127 conspiciendi:
1245 3044 1436 3125 ipsius
1476 3062 1721 3120 crucem
1766 3042 1833 3103 in
1879 3041 2104 3116 fronte,
2149 3043 2545 3104 dilectionem
2593 3045 2659 3104 in

722 3157 954 3224 mente,
999 3148 1413 3211 reverentiam
1460 3148 1526 3207 in
1581 3154 1743 3222 actu,
1798 3145 2144 3209 Richardos
2196 3167 2269 3210 ac
2321 3149 2663 3230 superiores

723 3273 874 3317 avos
909 3251 1194 3335 potentia
1219 3251 1531 3327 sublimes,
1573 3250 1746 3313 fama
1781 3251 2125 3333 praeclarOS,
2161 3252 2487 3315 humiliter
2525 3274 2660 3335 ges-

723 3359 970 3421 tavisse.
1052 3353 1433 3418 Pensaverat
1468 3364 1542 3418 ut
1576 3356 1902 3438 prudentis
1947 3357 2175 3418 animae
2219 3358 2426 3432 homo,
2471 3379 2659 3441 quam

723 3463 808 3526 sit
828 3462 1125 3525 miserum
1151 3468 1340 3542 atque
1367 3461 1728 3524 indecorum
1754 3459 2049 3543 spoliatos
2075 3462 2310 3524 honore
2336 3463 2567 3526 caduco
2592 3465 2659 3525 in

723 3565 981 3628 exilium
1007 3563 1416 3646 caliginosum
1441 3563 1748 3640 damnari,
1775 3566 1885 3628 ubi
1910 3565 2171 3630 flamma
2195 3569 2660 3650 inextinguibili

723 3669 1051 3744 ardebunt,
1076 3688 1203 3730 non
1228 3675 1701 3743 consumentur3
1741 3669 2043 3752 plangent
2062 3672 2128 3732 in
2149 3673 2413 3734 miseriis
2431 3674 2661 3755 absque

722 3773 1074 3846 clementia,
1099 3779 1310 3834 errata
1334 3771 1847 3834 lamentabuntur
1870 3774 2100 3856 absque
2126 3777 2328 3838 venia.
2382 3773 2661 3840 Econtra

722 3878 875 3940 felix
911 3885 1098 3959 atque
1136 3876 1463 3958 pulchrum
1502 3897 1634 3938 esse
1681 3883 1821 3957 post
1862 3880 2218 3942 consulatus
2242 3889 2445 3954 terrae,
2497 3881 2661 3944 stola

722 3981 1217 4043 immortalitatis
1241 3981 1564 4042 redimitos
1590 3979 1979 4061 Angelorum
2006 3984 2171 4044 cives
2194 3985 2506 4058 ordinari3
2550 3987 2661 4048 ubi

719 4084 1039 4167 voluptate
1058 4086 1232 4146 omni
1257 4085 1752 4158 delectabuntur,
1780 4083 2007 4161 Deum,
2034 4089 2217 4150 sicuti
2244 4099 2357 4164 est,
2385 4098 2660 4152 contem-

717 4189 1072 4272 plabuntur,
1098 4189 1164 4248 in
1190 4191 1321 4269 ejus
1344 4181 1527 4251 laude
1553 4198 1857 4272 perpetua
1875 4193 2401 4271 jocundabuntur.

790 4293 915 4356 Vir
940 4295 1150 4374 itaque
1175 4293 1402 4375 dignus
1416 4295 1521 4376 pio
1546 4303 1825 4375 parente,
1844 4303 1909 4358 et
1929 4298 2050 4378 piis
2068 4301 2427 4379 majoribus,
2453 4321 2657 4382 neque
