3192 5050
661 599 781 663 102
1029 613 1244 661 semp.
1286 612 1532 661 aarum
1570 611 1764 659 ens'r.
1807 612 2161 660 WILLELMI
2203 614 2249 660 1.

653 758 862 838 gitare
882 756 1243 819 maluerunt
1259 776 1490 839 pavore
1505 755 1889 838 impellente.
1922 755 2027 818 Ne
2042 776 2195 819 vero
2215 759 2357 838 jure
2373 758 2633 820 saeviens
2650 812 2663 819 ,

659 862 912 945 gladius
938 863 1004 923 in
1033 862 1366 925 adversam
1411 859 1617 942 ripam
1663 860 2115 942 insequeretur,
2135 861 2403 923 rheuma
2438 864 2634 925 maris

655 966 972 1039 obstabat,
1024 965 1276 1027 alveum
1329 962 1514 1026 Divae
1560 963 1973 1044 insuperabili
2024 964 2191 1026 mole
2246 966 2632 1047 occupantis.

659 1067 1004 1131 Interitum
1049 1087 1306 1129 suorum
1341 1066 1649 1129 miserans
1674 1086 1749 1128 ac
1787 1075 2077 1129 metuens
2092 1087 2223 1141 rex,
2250 1088 2395 1129 cum
2416 1068 2633 1131 Ande-

661 1190 938 1252 gavense
964 1178 1236 1251 tyranno
1263 1189 1454 1251 quam
1474 1168 1801 1231 celerrime
1832 1168 2299 1232 Normannicos
2323 1168 2482 1233 fines
2502 1172 2631 1233 exi-

657 1276 754 1337 vit
772 1294 787 1347 ;
810 1274 1152 1336 decernens
1169 1274 1384 1335 animo
1403 1279 1806 1335 consternato
1826 1274 1925 1337 vir
1942 1282 2231 1336 strenuus
2257 1282 2325 1336 et
2343 1275 2631 1336 nomina-

656 1385 762 1440 tus
786 1378 854 1439 in
873 1378 1059 1439 rebus
1076 1376 1338 1452 bellicis,
1358 1377 1697 1439 dementiae
1714 1377 2135 1458 reputandum
2159 1376 2629 1439 Normanniam

657 1482 830 1545 ultra
855 1489 1197 1544 attentare.

739 1584 892 1647 Non
907 1585 1112 1647 multo
1127 1590 1270 1666 post
1287 1584 1599 1646 universae
1616 1584 1825 1646 carnis
1848 1583 2021 1647 viam
2040 1584 2443 1665 demigravit,
2469 1605 2630 1646 nun-

657 1707 849 1769 quam
874 1688 1182 1769 gloriatus
1201 1686 1546 1769 triumpho,
1576 1706 1764 1767 quem
1785 1686 1863 1747 de
1890 1673 2226 1752 Willelmo
2254 1685 2630 1750 Nol-manno

659 1789 928 1865 Comite,
955 1789 1282 1853 retulerit:
1323 1790 1453 1852 imo
1479 1809 1596 1851 nec
1622 1789 1839 1851 multae
1866 1790 1933 1850 in
1960 1810 2107 1851 eum
2134 1790 2430 1852 vindictae
2461 1810 2630 1852 com-

655 1914 785 1977 pos.
867 1892 1217 1975 Philippus,
1245 1892 1433 1967 filius,
1474 1894 1535 1955 ei
1562 1894 1858 1956 successit
1885 1894 2114 1969 infans,
2155 1895 2324 1957 inter
2351 1884 2537 1976 quem
2563 1902 2630 1957 et

655 1998 1007 2079 principem
1041 2004 1329 2059 nostrum
1356 1995 1544 2059 firma
1590 2016 1716 2079 pax
1756 1998 2107 2080 composita
2132 2006 2247 2073 est,
2290 2019 2365 2061 ac
2408 2018 2630 2062 serena

655 2101 960 2175 amicitia,
981 2107 1128 2163 tota
1155 2098 1430 2163 Francia
1447 2100 1741 2182 cupiente
1768 2108 1835 2162 et
1862 2108 2201 2163 annuente.

739 2202 875 2266 Sub
900 2203 1071 2266 idem
1096 2211 1346 2285 tempus
1358 2203 1522 2265 obiit
1541 2212 1610 2265 et
1632 2202 1987 2266 Gaufredus
2005 2202 2351 2266 Martellus
2367 2203 2451 2265 ad
2475 2210 2629 2265 vota

656 2305 1026 2381 multorum,
1053 2306 1155 2369 vel
1183 2326 1338 2388 quos
1360 2314 1779 2389 oppresserat,
1804 2306 1907 2369 vel
1935 2307 2043 2388 qui
2069 2315 2434 2369 metuerant
2460 2327 2626 2369 eum.

659 2407 768 2471 Sic
793 2416 1060 2471 terrenae
1085 2410 1391 2491 potestati
1429 2417 1498 2471 et
1521 2410 1817 2471 humanae
1844 2410 2150 2491 superbiae
2176 2408 2370 2472 finem
2396 2418 2629 2473 natura

652 2512 834 2594 ponit
852 2512 1307 2577 inevitabilem.
1351 2512 1508 2576 Sero
1533 2513 1833 2596 poenituit
1853 2513 2283 2576 miserandum
2299 2513 2623 2576 hominem

649 2617 866 2678 nimiae
890 2616 1301 2690 fortitudinia
1322 2617 1590 2680 ruinosae
1606 2617 1980 2698 tyrannidis,
2001 2616 2365 2698 perniciosae
2384 2616 2625 2698 cupidi-

653 2720 826 2782 tatis.
906 2719 1223 2803 Equidem
1265 2740 1379 2783 sua
1416 2741 1563 2782 eum
1604 2728 1893 2782 extrema
1930 2721 2216 2795 docuere,
2245 2722 2412 2802 quod
2438 2729 2629 2784 antea

651 2841 915 2904 pensare
939 2822 1254 2904 neglexit3
1296 2830 1333 2858 ‘⁶
1351 2825 1547 2886 etiam
1584 2844 1722 2905 quae
1742 2827 1911 2905 juste
1951 2825 2019 2884 in
2045 2824 2284 2887 mundo
2309 2825 2626 2906 possiden-

649 2933 775 3000 tur,
791 2928 1136 2990 neeessario
1161 2928 1516 2990 amittenda
1533 2924 1724 2990 fore.”
1812 2927 2059 2991 Sororis
2078 2927 2282 2990 filium
2309 2928 2623 2990 haeredem

652 3029 928 3111 reliquit,
955 3032 1066 3112 qui
1083 3033 1338 3093 nomine
1363 3031 1619 3114 proprio
1638 3032 1828 3106 idem,
1855 3034 2174 3115 probitate
2214 3032 2521 3095 absimilis
2547 3034 2626 3107 ei,

653 3133 966 3196 caelestem
1021 3155 1237 3216 regem
1292 3137 1538 3210 timere,
1597 3143 1665 3199 et
1718 3156 1835 3218 pro
1886 3136 2313 3219 comparando
2364 3143 2626 3198 externo

655 3235 893 3299 honore
919 3238 1088 3300 bona
1127 3239 1394 3300 actitare
1423 3239 1633 3320 coepit.

736 3337 919 3421 Quod
971 3341 1264 3404 humanae
1316 3342 1550 3423 linguae
1602 3339 1687 3403 ad
1740 3340 2255 3403 malevolentiam
2303 3361 2495 3423 quam
2541 3341 2625 3403 ad

651 3443 1156 3507 benevolentiam
1201 3446 1588 3508 laudandam
1636 3446 1765 3507 sint
1809 3445 2250 3526 promptioreS,
2297 3435 2621 3521 novimus3

650 3549 1070 3628 ob,invidiam
1097 3549 1498 3631 plerumque;
1540 3549 1862 3611 interdum
1888 3549 1973 3610 ob
2000 3548 2194 3610 aliam
2220 3550 2624 3630 pravitatem.

655 3649 726 3712 N
726 3671 832 3714 am
859 3661 925 3715 et
951 3654 1376 3735 pulcherrima
1401 3653 1683 3716 facinora
1708 3654 1776 3713 in
1804 3654 2190 3715 contrariam
2215 3661 2463 3732 partem
2504 3655 2625 3714 ini-

654 3774 780 3837 qua
805 3756 1253 3836 depravatione
1278 3758 1608 3820 traducere
1634 3756 1855 3819 solent.
1938 3755 2129 3819 Unde
2170 3779 2623 3840 nonnunquam

651 3857 792 3920 fieri
832 3868 1099 3934 constat,
1146 3861 1444 3942 quatinus
1486 3860 1715 3922 decora
1752 3880 1995 3942 regum,
2040 3862 2171 3924 sive
2199 3862 2448 3934 ducum,
2492 3863 2623 3923 sive

651 3963 1070 4043 cujuscunque
1096 3963 1343 4041 optimi,
1371 3983 1515 4024 cum
1541 3983 1670 4026 non
1694 3983 1841 4026 vere
1882 3964 2239 4039 traduntur,
2280 3964 2450 4043 apud
2476 3972 2624 4026 aeta-

651 4070 786 4124 tem
831 4072 1149 4142 posteram
1189 4086 1457 4129 censura
1501 4067 1811 4129 bonorum
1848 4068 2249 4142 damnentur,
2277 4077 2350 4130 ut
2390 4087 2622 4148 nequa-

655 4187 846 4249 quam
875 4168 1190 4232 imitanda
1227 4169 1400 4232 mala
1425 4171 1509 4233 ad
1535 4172 1945 4244 invasionem,
1986 4172 2089 4234 vel
2117 4172 2292 4233 aliud
2332 4172 2621 4253 iniquum
