3192 5050
732 598 811 661 92
1133 618 1345 668 semp.
1386 620 1631 669 RERUM
1670 622 1859 671 essm.
1903 624 2255 673 WILLELMI
2294 627 2341 673 1.

732 766 800 820 et
818 760 1119 841 inquieta,
1159 761 1458 846 longique
1486 768 1806 847 temporis,
1848 770 1981 848 ejus
2007 769 2339 832 molimina
2362 769 2557 844 fuere,
2584 789 2700 852 pro

730 880 846 923 sua
870 871 936 924 et
962 872 1186 925 contra
1211 865 1453 927 domini
1489 869 1586 929 sui
1613 872 2139 950 magnitudinem,
2167 876 2344 954 cujus
2383 894 2697 935 accessum

727 985 857 1028 non
883 967 1071 1029 modo
1089 969 1173 1030 ab
1193 968 1460 1031 Arcensi
1479 978 1704 1046 castro,
1724 976 2143 1037 verumetiam
2164 977 2247 1037 ab
2267 978 2328 1037 ei
2346 978 2701 1059 propinqua

731 1067 801 1129 N
799 1072 1146 1133 ormanniae
1170 1081 1371 1154 parte,
1419 1094 1555 1155 quae
1581 1076 1747 1138 citra
1772 1076 2007 1138 flumen
2043 1077 2403 1160 Sequanam
2430 1081 2555 1143 sita
2580 1088 2696 1153 est,

727 1193 939 1236 arcere
985 1182 1408 1258 saepenumero
1453 1180 1745 1241 surrexit.
1856 1179 2183 1245 Postremo
2232 1185 2300 1244 in
2348 1186 2693 1265 supradicti

725 1274 1072 1341 Danfronti
1116 1283 1587 1363 oppugnatione
1628 1283 1807 1364 quasi
1845 1284 2180 1347 desertoris
2226 1285 2462 1349 furtivo
2516 1306 2692 1349 more

723 1380 1026 1457 discessit,
1050 1404 1447 1466 nequaquam
1474 1386 1679 1467 petita
1704 1388 2033 1450 missione:
2074 1389 2359 1451 satellitii
2388 1390 2692 1463 debitum,

725 1487 902 1566 cujus
930 1496 1122 1549 antea
1153 1490 1410 1550 nomine
1431 1489 1850 1553 hostilitatem
1890 1498 2209 1573 utcunque
2248 1492 2521 1567 velabat,
2555 1496 2691 1574 jam

721 1610 909 1651 omne
937 1592 1312 1653 detrectans.
1399 1590 1498 1653 Ob
1525 1592 1659 1654 haec
1686 1602 1753 1655 et
1778 1594 1909 1657 alia
1932 1603 2033 1657 tot
2058 1598 2112 1676 ej
2121 1616 2191 1657 us
2218 1604 2285 1657 et
2310 1604 2495 1658 tanta
2520 1616 2692 1669 ausa,

721 1694 890 1769 Dux,
917 1696 1016 1757 uti
1035 1716 1134 1757 res
1153 1697 1420 1769 monuit,
1447 1697 1787 1777 suspiciens
1806 1697 1992 1779 plura
2010 1706 2076 1759 et
2094 1702 2339 1781 majora
2354 1720 2650 1761 ausurum
2672 1721 2687 1773 3

719 1799 1116 1881 receptaculi,
1145 1819 1267 1880 quo
1293 1799 1640 1881 plurimum
1666 1798 2043 1875 confidebat,
2070 1802 2303 1865 editius
2328 1801 2689 1864 firmamen-

719 1913 861 1967 tum
906 1904 1255 1983 occupavit,
1295 1902 1645 1965 custodiam
1690 1904 2059 1979 immittens,
2100 1905 2167 1965 in
2203 1905 2379 1966 nullo
2419 1904 2693 1987 amplius

716 2018 934 2072 tamen
981 2011 1086 2089 jus
1139 2010 1272 2089 ejus
1323 2008 1724 2069 imminuens.
1809 2006 2063 2090 Nempe
2110 2028 2216 2071 eas
2268 2009 2563 2084 latebras,
2619 2011 2689 2072 id

715 2114 1184 2175 munimentum
1203 2112 1378 2172 initae
1399 2110 1690 2173 elationis
1709 2119 1900 2192 atque
1927 2112 2262 2174 dementiae
2287 2113 2420 2193 ipse
2446 2114 2688 2194 primus

715 2216 1028 2289 fundavit,
1049 2222 1114 2276 et
1134 2234 1324 2295 quam
1347 2215 1778 2295 operosissime
1796 2216 2076 2276 extruxit
2096 2215 2163 2275 in
2185 2215 2432 2296 praealti
2452 2217 2687 2278 montis

717 2322 1029 2383 Arearum
1083 2319 1426 2381 cacumine.
1531 2316 1829 2381 Ceterum
1882 2317 2166 2380 malefidi
2217 2319 2505 2381 custodes
2557 2340 2683 2381 non

713 2425 918 2487 multo
935 2431 1077 2506 post
1095 2424 1286 2484 castri
1305 2429 1686 2505 potestatem
1704 2422 2018 2484 conditori
2038 2422 2329 2496 reddunt,
2348 2443 2683 2484 munerum

710 2529 1187 2612 pollicitatione,
1214 2535 1280 2588 et
1306 2527 1650 2608 impensius
1670 2527 2043 2588 imminente
2063 2527 2243 2588 varia
2263 2525 2682 2590 solicitatione

711 2631 972 2712 fatigati
998 2630 1383 2710 subactique.

797 2734 1000 2796 Solito
1058 2753 1206 2794 mox
1273 2733 1544 2794 acriores
1611 2733 2041 2794 intromissum
2101 2732 2283 2794 furiae
2334 2733 2682 2794 incendunt

711 2839 1021 2901 ultionem
1047 2855 1289 2916 quoque
1315 2836 1412 2896 sui
1439 2835 1617 2898 velut
1659 2856 1773 2917 per
1818 2836 2081 2916 injurias
2126 2835 2427 2896 diminuti
2473 2846 2682 2898 exact-

711 2963 917 3004 urum.
963 2939 1183 3002 Oritur
1197 2946 1335 3000 toto
1351 2939 1597 3000 ambitu
1613 2940 1763 3020 pagi
1779 2938 1975 3000 vicini
1994 2938 2201 3000 multa
2217 2939 2491 3000 miseria.
2554 2939 2680 3002 Tu-

711 3046 968 3118 multus,
977 3042 1220 3126 praedae,
1232 3043 1467 3123 rapinae
1484 3042 1767 3115 saeviunt‚
1786 3042 2154 3104 vastitatem
2180 3043 2516 3105 minantes.
2554 3044 2679 3105 Ar-

709 3151 850 3224 miS,
870 3149 1043 3221 viria
1059 3153 1433 3219 commeatu,
1453 3152 1521 3206 et
1540 3145 2007 3226 quibuscunque
2026 3144 2144 3206 tali
2160 3146 2419 3225 negotio
2437 3147 2679 3209 idoneis

708 3262 988 3316 castrum
1008 3257 1367 3324 exornatur,
1384 3249 1784 3310 munimenta
1802 3249 1977 3330 prius
1991 3247 2179 3310 firma
2197 3247 2483 3311 firmiora
2495 3249 2677 3311 fiunt.

713 3357 867 3420 Paci
893 3364 959 3418 et
986 3355 1118 3417 otio
1136 3353 1309 3415 locus
1334 3351 1545 3414 nullus
1571 3351 1966 3433 relinquitur.
2022 3350 2314 3433 Denique
2340 3353 2679 3414 saevissima

709 3461 971 3524 rebellio
1008 3457 1361 3520 instruitur.
1445 3455 1596 3538 Quae
1622 3464 1955 3538 postquam
1982 3453 2150 3517 Duci
2178 3465 2503 3537 comperta
2528 3466 2677 3519 sunt

709 3563 1063 3635 Willelmo,
1103 3581 1138 3622 e
1181 3558 1599 3622 Constantino
1625 3579 1810 3640 pago,
1850 3559 1962 3620 ubi
2001 3560 2332 3621 certiorem
2378 3561 2675 3622 nuntium

709 3666 972 3747 aceepit,
1017 3683 1095 3724 ea
1137 3662 1517 3744 properabat
1561 3660 1907 3735 celeritate,
1944 3669 2016 3722 ut
2043 3663 2189 3742 equi
2214 3663 2675 3736 comitantium,

708 3777 938 3852 praeter
991 3787 1117 3840 sex,
1171 3785 1388 3827 omnes
1447 3766 1811 3847 priusquam
1872 3775 2248 3847 perventum
2309 3767 2395 3828 sit
2452 3765 2672 3841 Arcas,

707 3872 1076 3936 lassitudine
1102 3869 1466 3931 defecerint.
1549 3867 1725 3930 Nam
1753 3869 2178 3944 festinantem,
2218 3877 2293 3930 ut
2328 3871 2674 3932 contrairet

709 3977 957 4058 injuriae
979 3993 1123 4047 suae,
1151 3973 1422 4055 amplius
1440 3972 1870 4034 incitaverunt
1890 3973 2112 4034 audita
2128 3972 2303 4034 mala
2323 3971 2671 4064 Provincife

707 4099 851 4142 suae.
935 4075 1361 4138 Ecclesiamm
1400 4075 1586 4149 bona,
1629 4076 1973 4156 agrestium
2015 4075 2278 4149 labores,
2318 4079 2671 4157 negotiato-

707 4205 849 4246 rum
868 4182 1065 4252 lucra,
1089 4178 1370 4241 militum
1390 4179 1667 4260 praedam
1688 4180 1917 4260 injuste
1937 4177 2077 4240 fieri
2097 4178 2371 4242 dolebat.
2443 4178 2671 4242 Miser-

705 4287 872 4350 ando
915 4283 1175 4366 planctu
1221 4280 1494 4344 imbellis
1531 4281 1727 4361 vulgi,
1769 4282 1877 4362 qui
1917 4281 2155 4344 multus
2193 4290 2475 4366 tempore
2515 4283 2669 4345 belli
