3192 5050
1218 611 1470 660 mmvrs
1499 611 1819 662 aarum.
2419 597 2500 662 13

528 755 829 838 profecto,
855 762 1179 817 annuente
1195 752 1355 829 Deo,
1380 755 1451 816 in
1476 755 1657 818 brevi
1682 755 1949 831 fecisset,
1985 756 2113 818 nisi
2135 755 2338 818 stater
2353 775 2502 820 suus

528 879 675 920 cum
702 879 777 920 eo
796 858 1195 921 concordiam
1236 858 1486 939 egisset.
1568 856 1772 920 Facta
1795 859 2010 940 itaque
2036 860 2206 920 inter
2223 879 2329 922 eos
2351 879 2501 922 con-

528 962 764 1034 cordia,
793 961 1119 1043 aliquanto
1136 969 1420 1042 tempore
1440 961 1803 1022 demoratus
1817 970 1914 1022 est
1937 960 2164 1025 Comes
2183 960 2500 1025 Robertus

534 1063 607 1124 in
636 1063 897 1145 Anglia..
980 1062 1061 1125 In
1095 1082 1222 1144 qua
1245 1071 1579 1144 postquam
1619 1064 1870 1125 tamdiu
1895 1063 2040 1138 fuit,
2082 1072 2392 1145 quantum
2437 1065 2499 1127 ei

530 1167 795 1248 placuit,
850 1167 919 1226 in
976 1165 1043 1228 N
1044 1167 1443 1228 ormanniam
1494 1167 1825 1230 remeavit.
1924 1166 1994 1230 N
1993 1189 2076 1230 on
2129 1167 2240 1228 diu
2281 1175 2498 1230 autem

526 1269 785 1332 duravit
829 1270 999 1332 inter
1018 1265 1123 1331 eos
1149 1269 1275 1330 ista
1294 1270 1648 1344 concordia,
1698 1268 2014 1332 Robertus
2057 1270 2230 1332 enim
2277 1269 2502 1333 Comes

526 1371 671 1453 plus
688 1375 863 1452 justo
889 1371 1148 1434 credens
1174 1370 1319 1445 illis,
1346 1373 1457 1452 qui
1481 1373 1688 1454 magis
1711 1372 2014 1436 volebant
2032 1373 2202 1435 inter
2225 1393 2332 1436 eos
2366 1393 2502 1436 esse

528 1475 906 1536 discordiam
917 1495 1107 1555 quam
1124 1476 1608 1555 pacem,iterum
1627 1477 1823 1557 coepit
1831 1477 2186 1538 occasiones
2201 1495 2498 1556 quaerere,

528 1577 917 1659 fratremque
933 1599 1117 1640 suum
1135 1579 1608 1640 addiscordiam
1621 1598 2044 1641 commovere.
2123 1577 2266 1642 Rex
2285 1587 2501 1642 autem

528 1679 868 1755 Henricus,
920 1701 1047 1743 non
1094 1680 1335 1742 diutius
1381 1681 1501 1744 hoc
1547 1682 1774 1755 serene,
1817 1701 2012 1762 quam
2055 1682 2245 1744 citius
2288 1683 2502 1764 potuit

530 1804 705 1845 mare
732 1785 1047 1858 transivit,
1068 1792 1258 1866 atque
1278 1804 1405 1846 non
1431 1785 1642 1846 multo
1667 1792 1827 1866 post,
1855 1805 1984 1847 non
2003 1805 2201 1866 parvo
2219 1786 2500 1848 exercitu

526 1897 929 1970 congregato,
981 1889 1231 1950 obsedit
1284 1889 1615 1951 civitatem
1664 1886 1934 1950 Baiocas
1999 1908 2266 1970 eamque
2309 1889 2502 1952 citius

526 1993 796 2074 capione,
806 1993 938 2054 fere
957 2013 1209 2055 omnem
1232 1993 1567 2055 destruxit.
1649 1989 1898 2055 Deinde
1918 1993 2088 2074 cepit
2107 1991 2460 2056 cadomum
2481 2013 2498 2055 ε

525 2105 672 2178 post
690 2097 1089 2177 aliquantum
1108 2117 1259 2160 vero
1278 2096 1600 2178 temporie,
1622 2115 1816 2177 quum
1831 2096 2154 2158 obsideret
2177 2096 2497 2176 quoddam

528 2209 806 2263 castrum
836 2197 1105 2264 Comitis
1133 2197 1471 2263 Moritonii
1498 2199 1667 2281 quod
1704 2207 1970 2263 vocatur
2009 2199 2500 2274 Tenerchebmi,

528 2313 719 2387 atque
766 2306 1111 2368 obsidendo
1157 2305 1481 2368 laboraret
1531 2311 1608 2366 ut
1653 2303 1815 2365 illud
1859 2311 2132 2385 caperet,
2185 2303 2387 2366 frater
2436 2304 2500 2366 ei

528 2407 845 2471 Robertus
880 2407 1107 2472 Comes
1132 2417 1200 2470 et
1228 2407 1565 2470 Moritonii
1594 2405 1822 2470 Comes
1847 2426 1994 2468 cum
2019 2425 2258 2486 magna
2281 2405 2499 2468 multi-

524 2511 747 2573 tudine
771 2511 1052 2573 militum
1078 2518 1381 2595 putantes
1408 2531 1474 2573 se
1502 2511 1581 2572 de
1631 2508 1809 2591 Rege
1836 2506 2126 2571 Henrico
2149 2508 2498 2585 vindicare,

523 2634 792 2696 eumque
837 2616 916 2677 de
962 2624 1137 2677 terra
1186 2616 1446 2677 omnino
1492 2612 1720 2688 delere,
1774 2633 1920 2675 cum
1975 2632 2211 2694 magno
2255 2614 2500 2695 impetu

530 2718 853 2779 irruerunt
896 2738 1085 2799 super
1125 2738 1276 2779 eum
1318 2725 1385 2779 et
1432 2736 1620 2798 super
1665 2736 1772 2778 eos
1813 2716 1923 2797 qui
1975 2736 2120 2777 cum
2166 2735 2245 2778 eo
2295 2723 2498 2779 erant.

610 2819 739 2884 Sed
758 2822 1001 2903 judicio
1036 2820 1163 2883 Dei
1189 2841 1377 2903 super
1410 2840 1517 2882 eos
1566 2819 1882 2892 veniente,
1919 2819 2091 2899 capti
2135 2824 2284 2880 sunt
2309 2819 2500 2881 ambo

528 2934 595 2987 et
620 2926 811 2988 multi
830 2926 945 2987 alii
970 2946 1115 2987 cum
1143 2925 1241 2999 iis,
1286 2925 1370 2986 ab
1404 2923 1770 2987 hominibus
1807 2922 1976 3003 regis
2000 2920 2274 2983 Heni-ici
2307 2929 2500 3003 atque

526 3038 675 3092 ante
712 3051 858 3091 eum
904 3030 1180 3092 adducti.
1264 3026 1487 3089 Finita
1530 3029 1749 3109 itaque
1788 3026 1910 3089 hac
1943 3025 2266 3089 obsidione
2306 3033 2499 3106 atque

528 3133 655 3195 illis
681 3133 750 3193 in
778 3133 1072 3213 captione
1108 3150 1225 3193 sua
1267 3132 1551 3205 retentis,
1592 3151 1706 3191 rex
1749 3127 2069 3191 Henricus
2094 3136 2297 3190 totam
2331 3125 2500 3189 Nor-

526 3237 855 3298 manniam
881 3243 949 3297 et
991 3235 1209 3296 omnia
1240 3233 1501 3295 castella
1529 3231 1798 3296 Comitis
1841 3231 2177 3294 Meritonii
2218 3232 2287 3292 in
2313 3250 2502 3293 suum

526 3340 879 3401 dominium
907 3338 1198 3419 suscepit,
1235 3345 1426 3418 atque
1452 3338 1549 3397 ita
1572 3337 1749 3398 omni
1775 3344 1949 3398 terra
1980 3335 2217 3409 sedata,
2249 3335 2500 3397 rediens

524 3444 594 3505 in
622 3442 929 3525 Angliam
957 3440 1311 3505 Robertum
1332 3438 1648 3503 Comitem
1665 3439 1928 3501 fratrem
1944 3439 2079 3520 ejus
2093 3445 2160 3500 et
2181 3437 2499 3502 Comitem

528 3546 867 3610 Moritonii
928 3552 996 3606 et
1050 3542 1353 3625 quosdam
1401 3542 1578 3617 aliea,
1649 3562 1804 3623 quos
1859 3542 1922 3603 ei
1972 3540 2232 3623 placuit,
2284 3559 2497 3603 secum

527 3651 811 3723 adduxit,
839 3668 1066 3729 eosque
1082 3650 1151 3709 in
1176 3648 1469 3729 captione
1494 3655 1712 3709 tenere
1734 3645 2030 3708 decrevit.

605 3754 738 3816 Hic
753 3761 851 3816 est
868 3760 1082 3814 autem
1104 3759 1306 3814 status
1322 3751 1575 3833 Angliae
1592 3757 1660 3810 et
1676 3747 2091 3811 Normanniae
2109 3748 2193 3809 ad
2209 3766 2496 3828 praesens.

534 3857 687 3939 Quae
730 3863 945 3919 autem
974 3863 1118 3937 post
1142 3855 1276 3915 haec
1305 3855 1377 3915 in
1405 3854 1507 3916 his
1538 3854 1726 3914 terris
1751 3852 1970 3913 futura.
1999 3852 2146 3925 sint,
2166 3850 2503 3933 posteritas

525 3960 785 4022 videbit.
871 3956 1117 4021 Seriem
1150 3976 1302 4019 vero
1326 3957 1513 4038 hujus
1538 3954 1967 4037 generationis
2006 3961 2072 4014 et
2098 3953 2385 4014 ordinem
2414 3953 2498 4014 ab

526 4062 636 4124 illo
663 4062 869 4137 Dauo,
895 4061 1007 4143 qui
1027 4060 1216 4123 Rollo
1256 4067 1535 4133 vocatuS,
1554 4066 1814 4131 terram,
1856 4076 1994 4139 quae
2018 4056 2208 4119 modo
2232 4062 2498 4118 vocatur

532 4164 948 4239 Nol-mannia,
996 4184 1183 4245 super
1232 4182 1450 4244 regem
1478 4160 1765 4225 Franciae
1805 4160 2201 4241 conquisivit,
2241 4165 2310 4219 et
2349 4176 2496 4222 con-
