3192 5050
649 594 731 657 94
1051 608 1263 657 semp.
1303 608 1549 657 RERUM
1588 608 1780 658 ens‘r.
1823 610 2173 661 WILLELMI
2217 615 2264 660 1.

652 759 719 814 et
758 758 1157 815 contumaees
1181 752 1360 815 obice
1399 753 1643 816 castelli
1678 755 1761 817 ad
1805 756 2041 818 montis
2078 756 2303 838 pedem
2342 758 2621 819 extructi

651 856 894 931 clausit,
935 857 1344 939 praesidioque
1384 857 1699 939 imposito,
1726 858 1869 922 aliis
1906 867 2127 939 postea
2156 860 2432 942 negotiis
2456 861 2619 923 invi·-

649 960 952 1034 tantibuS‚
1008 961 1142 1039 ipse
1188 962 1474 1023 recessit:
1543 969 1637 1036 ut,
1690 962 1843 1024 dum
1889 962 2057 1025 ferro
2098 971 2405 1043 parceret,
2448 963 2619 1027 fame

646 1066 946 1128 vinceret.
1345 1142 1352 1147 Ι

731 1169 959 1233 Monet
1001 1170 1291 1251 equidem
1317 1170 1515 1251 digna
1538 1170 1706 1232 ratio
1742 1178 1810 1231 et
1835 1169 1953 1231 hoc
1981 1171 2301 1232 memoriae
2334 1170 2620 1250 prodere,

649 1292 841 1355 quam
893 1274 1000 1354 pia
1052 1274 1450 1335 continentia
1510 1275 1744 1335 caedem
1810 1291 2057 1352 semper
2108 1273 2429 1347 vitaverit,
2496 1271 2621 1335 nisi

648 1375 878 1438 bellica
912 1377 979 1438 vi
1005 1384 1117 1438 aut
1152 1376 1282 1439 alia
1305 1376 1489 1457 gravi
1515 1378 1971 1439 necessitudine
1998 1386 2285 1459 urgente.
2380 1376 2615 1451 Exilio,

647 1500 914 1553 carcere,
957 1481 1114 1541 item
1151 1479 1280 1541 alia
1306 1480 1867 1555 animadversione,
1914 1500 2055 1561 quae
2090 1482 2293 1543 vitam
2319 1500 2448 1543 non
2484 1480 2619 1541 adi-

646 1591 868 1656 meret,
915 1582 1129 1645 uleisci
1171 1583 1491 1645 malebat:
1549 1602 1703 1663 quos
1738 1587 1925 1665 juxta
1970 1586 2187 1658 ritum,
2227 1586 2359 1647 sive
2400 1584 2616 1665 legum

644 1687 956 1759 instituta,
995 1687 1206 1747 caeteri
1235 1684 1558 1765 Principes
1581 1687 1797 1768 gladio
1826 1687 2166 1749 absumunt
2189 1687 2341 1749 belli
2368 1695 2611 1767 captos,

643 1789 746 1851 vel
789 1791 961 1851 domi
993 1790 1330 1851 criminum
1373 1790 1743 1869 capitalium
1789 1790 2174 1853 manifestos
2261 1788 2619 1852 Salubriter

643 1912 912 1973 pensans
938 1894 1047 1975 qui
1074 1894 1330 1968 arbiter,
1359 1914 1548 1975 quam
1575 1895 1960 1968 tremendus,
1987 1902 2257 1955 terrenae
2281 1893 2617 1974 potestatis

645 2004 790 2058 acta
815 1998 1081 2076 desuper
1104 1996 1467 2075 prospiciat,
1510 2001 1851 2062 moderatae
1887 1998 2239 2060 elementiae
2274 2004 2349 2059 ut
2384 1998 2616 2059 immo-

643 2100 879 2161 deratae
921 2100 1177 2163 saevitiae
1202 2100 1498 2180 omnique
1525 2102 1897 2163 meritorum
1924 2101 2221 2182 qualitati
2247 2120 2362 2163 sua
2386 2101 2613 2181 cuique

641 2204 996 2265 decernens.

723 2306 1007 2368 Audiens
1059 2326 1210 2369 vero
1264 2305 1404 2369 Rex
1456 2305 1776 2369 Henricus
1840 2307 2152 2369 inclusum
2221 2326 2374 2382 esse,
2439 2309 2615 2389 cujus

641 2412 909 2473 vesaniae
929 2410 1141 2473 fautor
1166 2419 1305 2473 erat
1327 2419 1520 2492 atque
1547 2408 1886 2483 consultor,
1914 2409 2224 2473 auxilium
2249 2408 2413 2471 ferre
2439 2408 2614 2472 festi-

640 2522 772 2588 nat,
793 2533 1052 2576 manum
1081 2516 1398 2578 adducens
1417 2523 1810 2578 armatorum
1836 2535 1963 2576 non
1991 2514 2342 2578 modicam:
2384 2515 2467 2578 ad
2493 2514 2613 2578 hoc

642 2620 868 2700 quibus
919 2619 1212 2699 indigent
1258 2619 1491 2680 obsessi
1550 2619 1895 2699 complura.
1979 2619 2260 2682 Adducti
2314 2621 2381 2680 in
2435 2639 2611 2700 spem

642 2720 1040 2783 memorandi
1067 2720 1364 2782 facinoris
1383 2721 1643 2800 quidam
1670 2741 1750 2782 ex
1768 2741 1843 2782 eo
1860 2741 2145 2795 numero,
2172 2723 2279 2802 qui
2306 2723 2374 2782 in
2400 2724 2614 2802 praesi-

636 2825 744 2887 dio
790 2823 988 2886 Ducis
1030 2822 1238 2884 relicti
1277 2823 1658 2898 custodiunt,
1703 2822 2093 2886 Francorum
2126 2825 2611 2889 adventantium

637 2927 871 2988 itinera
887 2925 1216 3005 explorata
1231 2926 1535 2987 insidunt.
1617 2925 1709 2988 Et
1724 2945 1863 2988 ecce
1882 2945 2219 2988 numerosa
2235 2946 2383 3006 pars
2400 2928 2613 2990 minus

634 3032 806 3094 cauti
821 3029 1237 3111 excipiuntur.
1260 3027 1683 3111 Ingelramms
1703 3027 1963 3091 Pontivi
1985 3026 2228 3102 Comes,
2252 3027 2609 3092 Nobilitate

635 3142 822 3197 notus
842 3155 916 3196 ac
935 3133 1326 3206 fortitudine,
1353 3139 1420 3193 et
1444 3151 1588 3193 cum
1616 3149 1693 3192 eo
1721 3131 2121 3212 quamplures
2145 3133 2271 3194 viri
2295 3134 2610 3196 nominati

637 3239 1106 3301 interimuntur.
1186 3233 1387 3319 Hugo
1420 3233 1762 3298 Bardfflfus
1799 3235 1935 3314 ipse
1960 3235 2142 3309 item,
2182 3236 2284 3298 vir
2320 3255 2611 3318 magnus,

636 3344 903 3422 capitur.
983 3338 1368 3402 Perveniens
1391 3345 1611 3400 tamen
1639 3356 1763 3419 quo
1788 3337 1883 3398 ire
1908 3337 2289 3414 intenderat,
2319 3337 2477 3414 Rex,
2503 3360 2610 3403 ex-

635 3443 1124 3508 acerbatissimis
1162 3441 1394 3504 animis
1431 3459 1683 3503 summa
1720 3441 1787 3503 vi
1824 3440 2186 3520 praesidium
2227 3445 2607 3518 attentavit3

634 3551 1039 3612 Willelmum
1059 3550 1142 3612 ab
1152 3548 1448 3610 aerumnis
1467 3547 1564 3607 uti
1577 3545 1869 3624 eriperet,
1878 3544 2121 3622 pariter
2136 3544 2606 3608 decrementum

631 3656 760 3731 sui,
793 3664 1072 3737 stragem
1091 3673 1366 3725 suorum,
1390 3649 1760 3714 vindicaret.
1846 3645 1975 3712 Sed
1992 3648 2103 3709 ubi
2128 3650 2455 3730 negotium
2483 3649 2605 3710 dif-

633 3759 799 3822 ficile
825 3757 1296 3831 animadvertit,
1332 3754 1590 3836 (quippe
1616 3753 1905 3814 inimicos
1930 3753 2205 3832 impetus
2230 3752 2416 3814 facile
2444 3753 2605 3814 tole·-

632 3871 934 3926 raverunt
952 3859 1194 3923 castelli
1219 3859 1635 3930 munimenta,
1663 3863 1731 3918 et
1756 3855 2039 3918 militum
2063 3856 2267 3917 virtus
2292 3876 2467 3937 seque
2494 3877 2604 3919 va-

631 3966 790 4046 lida)
830 3985 910 4026 ne
935 3972 1198 4026 cruenta
1222 3971 1426 4025 morte
1453 3968 1520 4022 et
1543 3960 1839 4039 pudenda
1863 3959 2017 4040 fuga
2040 3958 2399 4038 pelleretur,
2427 3961 2604 4023 abire

630 4070 997 4143 maturavit,
1012 4068 1200 4130 decus
1224 4065 1470 4128 nullum
1489 4064 1756 4143 adeptus
1778 4082 1793 4124 ε
1832 4061 1956 4124 nisi
1977 4061 2139 4124 forte
2154 4062 2451 4124 decorum
2470 4062 2605 4125 fue-

629 4180 718 4239 rit
765 4194 1029 4257 quorum
1072 4171 1330 4234 advenit
1369 4189 1558 4232 causa
1604 4169 1883 4247 inopiam
1929 4166 2245 4245 stipendio
2279 4167 2604 4239 minuisse,
