3192 5050
970 654 1329 702 ExcERPTA
1370 653 1461 700 DE
1503 654 1676 700 vrrA
1716 654 2089 702 WILLELMI.
2436 639 2514 702 61

624 793 1150 859 ECGLESIAM
1171 795 1315 871 Dei,
1330 805 1606 859 matrem
1627 797 1866 858 scilicet
1879 805 2180 872 nostram,
2195 818 2517 880 nunquam

542 898 811 960 violavi:
851 900 961 960 sed
996 901 1247 981 ubique,
1267 909 1340 962 ut
1372 902 1537 962 ratio
1579 901 1810 981 exegit,
1856 901 2287 964 desideranter
2324 902 2520 964 hono-

543 1001 717 1074 ravi3
759 1002 1207 1066 ecclesiasticas
1234 1004 1579 1084 dignitates
1605 1024 1733 1065 non
1760 1005 2154 1066 venundedi:
2183 1007 2518 1068 simOniam

543 1104 864 1167 detestans
893 1127 1140 1188 semper
1165 1107 1457 1170 refutavi.
1529 1106 1609 1170 In
1627 1108 1930 1170 electione
1946 1129 2352 1190 personarum
2373 1111 2522 1172 vitae

542 1211 843 1271 meritum
870 1220 937 1272 et
964 1213 1291 1292 sapientise
1318 1212 1672 1274 doctrinam
1702 1212 2101 1292 investigavi,
2129 1220 2195 1273 et
2215 1220 2521 1294 quantum

542 1313 609 1372 in
637 1334 740 1375 me
766 1313 890 1376 fuit
906 1317 1192 1376 omnium
1218 1316 1589 1396 dignissimo
1611 1315 1885 1378 ecclesias
1905 1317 2189 1398 regimen
2205 1337 2519 1380 commen-

542 1416 709 1478 davi.
791 1415 938 1479 Hoc
965 1419 1269 1480 nimirum
1294 1419 1551 1499 probari
1569 1426 1778 1499 potest
1793 1419 2105 1480 veraciter
2121 1420 2188 1480 in
2211 1417 2523 1480 Lanfran-

542 1539 615 1580 co
646 1518 1197 1584 cantuariensium
1239 1521 1735 1603 Archipraesule:
1776 1522 1896 1583 hoc
1923 1521 1990 1581 in
2033 1521 2338 1584 Anselmo
2368 1521 2522 1583 Bec-

542 1625 823 1686 censium
886 1626 1153 1686 abbate:
1209 1625 1328 1686 hoc
1394 1626 1462 1684 in
1532 1623 1842 1687 Gerberto
1896 1623 2401 1699 Fontanellense‚
2460 1637 2527 1688 et

543 1727 853 1790 Durando
882 1727 1272 1790 Troarnense
1299 1737 1365 1788 et
1394 1731 1459 1789 in
1488 1728 1630 1792 aliis
1657 1728 1876 1790 multis
1895 1731 2077 1810 regni
2103 1731 2232 1792 mei
2255 1731 2526 1792 doctori-

542 1832 691 1904 bus:
735 1852 999 1913 quorum
1040 1831 1303 1892 celebris
1340 1831 1479 1894 laus
1516 1849 1812 1913 personat
1853 1835 1920 1893 in
1948 1833 2192 1894 ultimis
2232 1841 2306 1894 ut
2332 1834 2520 1896 credo

542 1943 727 1996 terrae
744 1933 991 1996 finibus.
1077 1933 1264 1996 Tales
1278 1936 1475 1996 socios
1490 1935 1575 1996 ad
1588 1935 1968 2016 colloquium
1986 1936 2150 2018 elegi
2170 1957 2184 2010 ;
2209 1937 2276 1996 in
2293 1937 2520 1998 horum

542 2037 952 2099 contubernio
1012 2038 1348 2099 veritatem
1414 2046 1480 2099 et
1531 2039 1910 2118 sapientiam
1967 2039 2200 2113 inveni,
2256 2041 2520 2121 ideoque

543 2161 791 2222 semper
812 2140 1093 2222 gaudens
1116 2141 1418 2221 optabam
1445 2161 1662 2202 eorum
1691 2141 1968 2202 consiliis
1993 2141 2252 2222 perfrui.

632 2241 974 2306 NOVEM
1018 2244 1293 2304 abbatiae
1332 2243 1790 2304 monachorum
1817 2251 1884 2304 et
1921 2263 2050 2304 una
2084 2243 2518 2304 sanctimonia

546 2347 723 2422 lium,
764 2368 901 2428 quae
927 2368 969 2409 a
986 2348 1272 2428 patribus
1296 2349 1457 2408 meis
1494 2348 1562 2406 in
1608 2345 2010 2408 Normannia
2048 2346 2326 2406 fundatae
2363 2354 2528 2418 sunt,

546 2475 651 2514 me
712 2453 813 2534 adj
822 2459 1059 2516 uvante
1103 2472 1246 2512 cum
1294 2451 1530 2512 auxilio
1584 2449 1712 2511 Dei
1756 2457 2108 2522 creverunt,
2153 2456 2220 2510 et
2260 2448 2528 2530 gloriose

546 2559 893 2621 multarum
920 2558 1279 2637 augmentis
1305 2577 1517 2618 rerum
1546 2576 1701 2637 quas
1735 2555 1884 2616 dedi
1910 2552 2338 2635 magnificatae
2365 2562 2531 2616 sunt·
2561 2544 2564 2549 ¹

548 2662 797 2727 Deinde
825 2663 1089 2723 ducatus
1114 2662 1243 2723 mei
1275 2670 1560 2741 tempore
1588 2661 1804 2721 decem
1832 2667 1900 2721 et
1927 2667 2166 2741 septem
2194 2659 2534 2720 monacho-

546 2788 690 2827 rum
719 2775 784 2827 et
824 2752 1373 2827 san'ctinmnalium
1400 2784 1510 2827 sex
1534 2763 1816 2824 caenobia
1840 2768 2200 2823 constructa
2225 2769 2392 2836 sunt,
2421 2762 2532 2823 ubi

546 2892 853 2952 magnum
880 2870 1211 2933 servitium
1232 2876 1300 2929 et
1325 2867 1535 2949 plures
1550 2867 1959 2947 eleemosynae
1978 2887 2092 2947 pro
2111 2866 2343 2927 summi
2363 2866 2532 2947 regis

549 2994 764 3037 amore
808 2973 1090 3055 quotidie
1144 2969 1326 3032 fiunt.
1409 2968 1543 3052 Huj
1551 2969 1798 3030 usmodi
1847 2970 2068 3031 castris
2133 2966 2384 3030 munita
2436 2976 2533 3031 est

552 3077 621 3140 N
622 3078 957 3139 ormannia
996 3086 1064 3137 et
1102 3077 1170 3136 in
1212 3076 1314 3136 his
1353 3074 1606 3135 discunt
1631 3073 1965 3153 terrigenae
2004 3071 2280 3152 praeliari
2306 3080 2531 3133 contra

550 3182 849 3243 daemonis
888 3188 955 3241 et
994 3182 1199 3241 carnis
1237 3179 1419 3241 vitia.
1501 3175 1756 3238 Horum
1784 3176 2012 3256 quippe
2039 3182 2152 3236 aut
2179 3195 2296 3255 ego
2337 3176 2529 3256 inspi-

518 3293 728 3367 ,rante
748 3283 889 3346 Deo
928 3282 1023 3343 fui
1048 3282 1338 3345 conditor
1368 3288 1480 3341 aut
1507 3279 1822 3351 fundator,
1864 3278 2140 3339 fervidus
2179 3277 2432 3358 adjutor
2457 3286 2524 3339 et

550 3388 889 3451 benevolus
928 3388 1234 3459 incentor,
1320 3383 1555 3447 Omnes
1615 3402 1860 3463 quoque
1901 3402 2000 3442 res
2041 3402 2195 3461 quas
2234 3382 2302 3441 in
2343 3383 2530 3443 terris

549 3493 653 3557 vel
680 3493 823 3555 aliis
848 3492 1157 3553 reditibus
1183 3507 1469 3571 proceres
1508 3488 1637 3548 mei
1663 3485 1804 3548 Deo
1831 3494 1898 3546 et-
1924 3486 2158 3547 sanctis
2187 3487 2319 3565 ejus
2347 3485 2532 3547 dede-

550 3604 701 3658 runt
718 3616 833 3677 pro
859 3594 1061 3656 salute
1082 3592 1415 3675 spirituali,
1424 3592 1493 3651 in
1510 3588 1816 3651 Neustria
1831 3596 1897 3648 et
1915 3586 2156 3667 Anglia
2169 3588 2530 3667 benigniter

552 3700 845 3772 concessi,
871 3705 938 3759 et
978 3705 1185 3759 cartas
1212 3695 1628 3775 largitionum
1653 3699 1876 3754 contra
1909 3709 2126 3751 omnes
2171 3689 2428 3751 aemulos
2464 3699 2530 3751 et

552 3802 951 3864 infestatores
976 3798 1311 3882 principali
1338 3796 1716 3858 auctoritate
1736 3794 1938 3875 gratis
1964 3791 2352 3853 confirmavi.

632 3902 851 3966 HAEG
893 3904 1105 3965 studia
1142 3909 1417 3963 sectatus
1456 3919 1595 3961 sum
1637 3918 1677 3959 a
1702 3896 2002 3979 primaevo
2050 3903 2352 3975 tempore,
2396 3897 2528 3957 haec

551 4008 901 4070 haeredibus
946 4008 1104 4067 meis
1158 4005 1443 4083 relinquo
1502 4000 1780 4062 tenenda
1837 4000 2013 4059 omni
2063 4005 2364 4079 tempore.
2448 3998 2528 4060 In

554 4112 670 4185 his,
716 4111 836 4171 filii
896 4111 1043 4183 mei,
1084 4130 1187 4171 me
1230 4107 1517 4188 jungiter
1562 4103 1918 4185 sequimini,
1960 4110 2034 4163 ut
2073 4102 2178 4163 hic
2225 4102 2292 4162 in
2331 4123 2534 4163 aevum

552 4236 765 4277 coram
792 4214 934 4277 Deo
962 4222 1027 4275 et
1052 4212 1415 4274 hominibus
1454 4207 1872 4271 honoremini.
1916 4204 2062 4267 Hoc
2089 4207 2398 4286 praecipue
2423 4225 2528 4267 vos
