3192 5050
733 604 811 664 32
1129 620 1342 667 scRIP.
1370 620 1615 668 RERUM
1640 619 1832 667 GEs'r.
1867 617 2219 665 w1LLELM1
2248 618 2299 663 1.

815 760 965 823 Dux
995 761 1510 826 Normannorum
1537 785 1682 825 cum
1714 761 1914 824 Gallis
1940 769 2129 842 atque
2160 758 2490 822 Britannis

897 864 1142 929 Invasit
1167 875 1423 942 terram,
1450 859 1662 930 vastat
1688 874 1754 929 et
1774 867 1921 948 igne
1948 871 2208 928 cremat.

816 968 1034 1032 Millia
1057 972 1110 1032 si
1137 973 1379 1053 quaeriS‚
1419 972 1541 1034 tibi
1567 971 1775 1032 dicere
1801 989 1989 1032 nemo
2014 967 2287 1041 valebit3

897 1071 1077 1155 Quod
1102 1094 1278 1137 maro
1305 1075 1430 1136 fert
1456 1075 1673 1157 pisces,
1701 1083 1801 1137 tot
1826 1074 1948 1136 sibi
1974 1081 2123 1136 sunt
2144 1071 2420 1153 equitem

812 1175 902 1239 Et
921 1178 1120 1241 veluti
1147 1178 1361 1240 stellas
1379 1178 1522 1241 coeli
1548 1197 1883 1240 numerare
1910 1177 2219 1259 nequires,

891 1279 1048 1362 Ejus
1075 1283 1163 1344 sic
1191 1283 1356 1344 acies
1375 1302 1491 1344 nec
1517 1302 1853 1344 numerare
1873 1280 2065 1344 vales.

814 1367 1113 1467 captivos
1139 1386 1315 1448 ducit
1340 1405 1564 1468 pueros
1589 1393 1927 1466 captasque
1954 1383 2216 1468 puellas

894 1487 1163 1572 Insuper
1198 1498 1265 1552 et
1289 1490 1532 1563 viduas,
1559 1496 1625 1550 et
1652 1488 1841 1550 simul
1868 1509 2054 1551 omne
2082 1482 2327 1570 pecus,'’

813 1591 1110 1656 Rusticus
1129 1594 1261 1656 haec
1283 1593 1522 1655 retulit.
1565 1592 1707 1655 Rex
1734 1601 1956 1655 contra
1982 1592 2197 1655 sibilat
2224 1590 2354 1662 illi;

896 1694 1196 1778 Quamvis
1222 1697 1354 1759 haec
1379 1697 1628 1770 timeat,
1653 1695 1816 1759 velle
1840 1704 2057 1758 tamen
2085 1694 2361 1756 simulat.

811 1798 1102 1861 Advocat
1128 1801 1260 1882 ipse
1274 1801 1479 1874 duces,
1500 1801 1763 1862 comites
1788 1808 2093 1879 terraeque
2121 1803 2444 1878 potentes3

891 1901 1144 1978 Verbis,
1180 1912 1254 1965 ut
1278 1904 1498 1978 fertur,
1525 1903 1762 1965 talibus
1788 1902 2168 1984 alloquitur:

813 2005 1070 2070 Militiae
1093 2027 1240 2091 pars
1267 2028 1513 2070 summa
1539 2027 1713 2081 mem,
1740 2007 2146 2088 magnatibus
2171 2014 2332 2079 orta,

896 2109 1078 2172 Solus
1106 2131 1233 2174 non
1259 2111 1428 2174 bello
1449 2112 1700 2174 vincere
1727 2111 1829 2172 cui
1855 2111 2057 2194 pudor
2083 2118 2197 2183 est,

812 2212 1094 2277 Nothica
1120 2235 1272 2296 quos
1297 2216 1474 2277 misit
1493 2236 1607 2298 per
1632 2223 1699 2276 te
1726 2215 2160 2296 superavimus
2186 2214 2415 2287 hostes,

888 2315 978 2378 Et
1003 2339 1116 2400 per
1142 2326 1207 2380 tc
1234 2327 1519 2381 nostrum
1541 2320 1880 2381 stravimus
1899 2319 2288 2399 equivocum,

810 2419 1105 2484 Nutrivit
1132 2423 1384 2504 proprio
1410 2431 1689 2484 matrum
1718 2443 1906 2504 quam
1927 2421 2092 2484 lacte
2112 2421 2369 2504 papilla.

889 2523 989 2586 Tu
1014 2525 1177 2587 mihi
1195 2528 1573 2608 praesidium,
1602 2548 1819 2587 murus
1845 2535 1912 2588 et
1939 2525 2263 2599 auxilium,

808 2627 1065 2689 Audisti
1093 2637 1376 2690 nostrum
1406 2630 1572 2711 quod
1599 2650 1759 2710 gens
1787 2628 2225 2691 Normannica
2243 2650 2509 2711 regnum

890 2728 1188 2804 Intravit,
1215 2732 1501 2812 praedans
1527 2740 1853 2813 pauperat,
1881 2732 2206 2813 exspoliat.

807 2831 952 2895 Hoc
979 2832 1349 2896 Willelmus
1379 2833 1568 2916 [agit]
1601 2835 1710 2916 qui
1735 2844 1801 2895 te
1829 2836 1950 2896 sibi
1977 2835 2239 2895 subdere
2268 2836 2512 2916 quaerit,

887 2935 1140 2999 Nomen
1169 2938 1365 3000 habet
1392 2958 1735 3019 magnum;
1778 2958 1885 2999 cor
1912 2945 2129 2999 tamen
2156 2945 2253 2999 est
2290 2938 2611 3019 pavidum.

805 3038 924 3103 Est
951 3041 1129 3103 vafer
1147 3049 1214 3102 et
1240 3042 1501 3123 cupidus
1526 3043 1919 3124 nimiumque
1948 3042 2400 3123 superciliosus,

887 3142 1026 3205 Nec
1053 3145 1231 3207 novit
1257 3164 1477 3227 pacem
1505 3166 1622 3207 nec
1649 3147 1921 3208 retinere
1954 3144 2165 3206 fidem.

810 3244 881 3307 Si
906 3248 1102 3328 possit
1127 3247 1355 3309 leviter
1379 3248 1644 3311 molitur
1668 3249 1890 3310 tollere
1918 3256 2133 3310 nostra
2151 3248 2189 3310 !.
2204 3297 2215 3309 .
2229 3297 2242 3310 .

891 3349 1017 3413 Sed
1044 3351 1217 3415 Deus
1235 3354 1633 3435 omnipotens
1658 3374 1785 3415 non
1814 3354 1936 3415 erit
1961 3354 2080 3414 hoc
2109 3354 2372 3434 patiens,

807 3455 1093 3539 Quantus
1119 3460 1243 3519 erit
1268 3457 1491 3531 luctus,
1521 3466 1793 3540 quantus
1819 3458 1999 3521 dolor
2024 3466 2092 3519 et
2116 3459 2317 3540 pudor
2342 3459 2585 3541 ingens,

893 3560 1102 3643 Regni
1130 3570 1369 3644 quanta
1387 3562 1541 3635 lueS‚
1561 3582 1751 3643 quam
1773 3563 2109 3625 tenebrosa
2134 3562 2286 3635 dies,

807 3662 878 3725 Si
899 3664 1065 3745 quod
1085 3666 1310 3746 quaerit
1335 3666 1550 3739 habet,
1571 3666 1626 3727 si
1652 3667 1834 3747 regni
1854 3674 2103 3747 sceptra
2126 3664 2404 3727 tenebit!

883 3767 1030 3830 Hoc
1055 3788 1274 3831 omnes
1299 3768 1570 3850 fugiant,
1597 3770 1811 3832 vivere
1833 3770 1940 3851 qui
1968 3765 2288 3851 cupiunt.”

802 3869 931 3933 His
957 3873 1052 3934 ita
1076 3872 1356 3955 prolatis,
1386 3874 1611 3955 quaerit
1638 3893 1935 3955 responsa
1960 3892 2213 3935 suorum
2236 3893 2252 3945 ;

889 3973 1267 4038 Scrutantur
1288 3977 1472 4038 taciti
1497 3976 1706 4038 dicere
1735 3978 1887 4058 quid
1913 3976 2188 4039 valeant.

803 4077 1107 4139 Nascitur
1131 4079 1449 4161 extemplo
1474 4080 1715 4144 clamor
1740 4081 1848 4162 qui
1875 4079 2144 4163 perculit
2168 4085 2360 4155 astra,

877 4181 968 4244 Et
992 4202 1116 4244 vox
1139 4185 1490 4245 communis
1512 4185 1807 4247 omnibus
1832 4204 1960 4247 una
1984 4185 2143 4249 fuit:

800 4294 836 4320 “
869 4285 1051 4348 Bella
1076 4288 1280 4368 magis
1307 4288 1592 4368 cupimus
1622 4307 1809 4369 quam
1838 4289 1954 4351 sub
1973 4292 2131 4372 juga
2156 4291 2321 4355 colla
2347 4295 2562 4377 reponi
