3192 5050
675 588 792 650 128
1031 605 1244 653 semp.
1285 606 1527 653 RERUM
1565 606 1755 655 esssr.
1798 604 2147 653 WILLELMI
2184 605 2234 650 1.

677 749 1242 812 nominatissimum
1295 752 1362 813 vi
1413 750 1687 833 corporis
1732 758 1805 812 ut
1851 750 2069 823 animi,
2118 747 2383 811 Osberni
2428 745 2631 807 filium

672 851 1073 917 Willelmum
1093 855 1297 918 ferreo
1321 855 1486 917 fasce
1506 856 1759 919 levavit.

752 955 948 1022 Dives
974 961 1227 1041 quidam
1254 960 1475 1021 finium
1501 960 1755 1023 illorum
1782 960 2141 1042 inquilinae,
2180 957 2437 1019 natione
2466 954 2633 1017 Nor-

675 1080 960 1139 mannuS,
1027 1063 1373 1128 Rotbertus
1421 1064 1588 1127 filius
1652 1064 1962 1127 Wimarae
2031 1063 2261 1126 nobilis
2331 1060 2631 1133 mulieris,

675 1166 1029 1251 Hastingas
1055 1169 1270 1244 Ducis,
1310 1171 1565 1234 domino
1604 1191 1713 1233 5110
1739 1188 1927 1252 atque
1966 1169 2448 1250 consanguineo,
2470 1188 2634 1228 nun-

673 1271 834 1333 tium
863 1273 1220 1350 destinavit,
1247 1275 1347 1337 his
1371 1276 1613 1339 verbis:
1654 1281 1689 1309 “
1711 1274 2042 1337 Praeliatus
2079 1295 2223 1336 cum
2263 1272 2460 1335 fratre
2492 1291 2633 1353 pro-

671 1378 811 1457 prio
837 1377 976 1441 Rex
1001 1378 1342 1455 HeralduS,
1367 1388 1433 1442 et
1457 1402 1601 1443 cum
1638 1379 1814 1461 Rege
1843 1379 2241 1452 Noricorum,
2281 1378 2430 1460 (quo
2454 1376 2634 1438 forti-

671 1501 845 1543 orem
892 1484 1007 1546 sub
1046 1484 1201 1547 coelo
1239 1485 1482 1547 nullum
1528 1487 1740 1548 vivere
1779 1484 1991 1566 opinio
2038 1481 2207 1561 suia)
2247 1502 2461 1563 pugna
2504 1501 2633 1543 una

669 1587 886 1648 ambos
900 1589 1146 1661 occidit,
1172 1590 1458 1670 ingentes
1477 1611 1693 1651 eorum
1710 1590 2017 1651 exercitus
2036 1588 2285 1649 delevit.
2367 1586 2632 1647 Anima-

669 1697 772 1753 tus
824 1712 899 1754 eo
943 1714 1222 1755 successu
1275 1694 1537 1755 festinus
1591 1694 1757 1756 redit
1795 1695 1862 1754 in
1911 1702 1995 1768 te,
2061 1691 2631 1753 numerosissimum

669 1796 967 1877 populum
996 1798 1226 1861 ducens
1265 1819 1340 1861 ac
1383 1800 1917 1861 robustissimum:
1956 1798 2253 1859 adversus
2292 1815 2477 1876 quem
2503 1814 2631 1856 non

670 1900 937 1982 amplius
982 1910 1122 1965 tuos
1149 1923 1335 1984 quam
1363 1904 1630 1966 totidem
1673 1901 2123 1986 despectabiles
2163 1921 2349 1963 canes
2390 1899 2635 1960 aestimo

668 2006 895 2069 valere.
965 2006 1248 2071 Prudens
1267 2010 1366 2071 vir
1390 2009 1791 2092 computaris,
1818 2008 1988 2069 domi
2014 2006 2380 2087 militiaeque
2406 2012 2633 2066 cuncta

667 2111 970 2175 hactenus
1007 2114 1349 2195 prudenter
1373 2115 1577 2196 egisti.
1664 2112 1853 2175 Nunc
1892 2112 2013 2174 tibi
2040 2110 2311 2184 consule,
2354 2108 2633 2192 provide,

668 2215 905 2291 labora,
925 2238 1004 2279 ne
1021 2238 1133 2299 per
1146 2219 1571 2280 temeritatem
1588 2219 1656 2279 in
1674 2218 2026 2291 discrimen,
2042 2216 2208 2277 unde
2233 2234 2359 2276 non
2385 2214 2635 2287 evada-S,

668 2328 866 2383 temet
905 2322 1036 2403 ipse
1060 2323 1427 2404 praecipites.
1513 2321 1760 2385 Suadeo
1801 2323 1973 2384 intra
2006 2320 2386 2382 munitiones
2424 2338 2631 2392 mane,

667 2445 861 2486 manu
887 2426 968 2487 ad
994 2446 1260 2507 praesens
1284 2426 1621 2509 confligere
1648 2427 1796 2489 noli.

747 2528 896 2591 Dux
921 2539 1142 2594 contra
1165 2533 1388 2595 nuntio
1408 2554 1424 2607 3
1503 2538 1538 2566 “
1563 2531 1691 2594 Pro
1715 2531 2035 2606 mandate,
2061 2531 2288 2611 inquit,
2323 2549 2447 2610 quo
2471 2527 2631 2588 mihi

666 2634 953 2697 dominus
977 2643 1124 2698 tuus
1147 2636 1286 2699 vult
1311 2657 1441 2699 esse
1467 2645 1741 2711 cautum,
1772 2655 2128 2718 quanquam
2154 2635 2287 2698 sine
2313 2641 2633 2695 contume-

669 2739 758 2800 lia
783 2740 1041 2801 suadere
1066 2741 1362 2815 decuerit,
1387 2741 1630 2822 gratias
1656 2741 1795 2822 ipsi,
1835 2748 1903 2802 et
1928 2740 2062 2802 haec
2088 2739 2269 2802 refer.
2352 2736 2501 2800 Non
2528 2757 2630 2797 1116

668 2850 914 2904 tutarer
963 2843 1118 2907 valli
1178 2853 1290 2906 aut
1354 2837 1658 2906 moenium
1724 2844 2001 2918 latebriS,
2069 2844 2177 2906 sed
2228 2841 2629 2924 confligerem

670 2948 1132 3028 quamprimum
1175 2968 1317 3009 cum
1361 2947 1682 3022 Heraldo;
1725 2968 1840 3010 nec
1877 2946 2224 3009 diffiderem
2259 2945 2630 3008 fortitudine

669 3069 952 3111 meorum
991 3072 1133 3113 cum
1171 3052 1298 3113 suis
1336 3073 1480 3113 eum
1521 3053 1864 3114 contritum
1907 3053 2007 3124 iri,
2045 3050 2371 3113 voluntate
2414 3049 2630 3111 divina

668 3175 794 3217 non
820 3157 1164 3230 resistente,
1204 3158 1460 3218 tametsi
1485 3157 1701 3218 decem
1729 3156 1864 3219 sola
1888 3155 2094 3217 millia
2129 3155 2410 3217 virorum
2437 3153 2626 3215 habe-

667 3280 822 3334 rem,
849 3261 1063 3342 quales
1087 3263 1170 3324 ad
1195 3263 1523 3343 sexaginta
1546 3261 1752 3323 millia
1776 3261 2029 3323 adduxi.

749 3364 1033 3447 Quadam
1059 3387 1208 3429 vero
1235 3367 1356 3441 die,
1376 3367 1526 3428 dum
1554 3367 1899 3429 custodiam
1927 3366 2184 3428 navium
2210 3365 2440 3426 viseret
2460 3361 2629 3436 Dux,

667 3470 1012 3534 indicatum
1058 3481 1153 3534 est
1177 3472 1340 3535 forte
1366 3473 1669 3553 spatianti
1708 3492 1898 3552 prope
1925 3469 2195 3542 navalia,
2241 3466 2627 3530 Monachum

670 3573 939 3636 Heraldi
965 3574 1245 3656 legatum
1289 3577 1518 3638 adesse.
1604 3574 1747 3656 Ipse
1789 3575 2074 3656 protinus
2114 3573 2293 3634 illum
2336 3573 2628 3635 convenit

665 3680 992 3762 ingeniosa
1035 3680 1153 3742 hac
1199 3680 1582 3742 elocutione:
1650 3685 1686 3713 “
1711 3678 2061 3751 Proximus,
2106 3661 2276 3751 infit,
2324 3697 2442 3757 ego
2488 3697 2626 3737 sum

666 3784 982 3848 Willelmi
1037 3782 1302 3847 Comitis
1355 3784 1887 3856 Normannorum,
1941 3803 2015 3845 ac
2066 3781 2347 3864 Dapifer.
2459 3778 2627 3841 Eum

666 3888 1023 3969 alloquendi
1048 3889 1170 3950 nisi
1196 3910 1307 3970 per
1331 3909 1434 3950 me
1460 3889 1705 3970 copiam
1732 3888 1963 3950 habere
1990 3908 2116 3949 non
2142 3886 2410 3968 poteris:
2463 3883 2629 3966 quod

667 3991 868 4065 affers,
894 3991 1054 4052 mihi
1079 4013 1285 4054 narra.
1367 3992 1601 4055 Libens
1628 3992 1734 4054 ille
1769 3999 2099 4074 cognoscet
2138 3991 2304 4051 idem
2348 3995 2461 4072 pei·
2504 4009 2626 4061 me,

667 4099 816 4180 quia
840 4097 1157 4158 neminem
1185 4118 1434 4158 suorum
1461 4099 1764 4161 cariorem
1795 4097 1988 4158 habet
2020 4117 2139 4158 1116.
2224 4093 2378 4156 Post
2405 4115 2627 4175 oppor-

667 4214 840 4275 tune,
866 4201 963 4262 uti
987 4199 1174 4274 voleS,
1201 4223 1345 4264 mea
1368 4223 1575 4284 opera,
1594 4221 1805 4264 coram
1825 4200 2152 4281 loquutum
2174 4194 2440 4262 venie5.''
2508 4195 2628 4257 Le-

671 4310 922 4393 gatione
950 4314 1258 4388 percepta,
1286 4308 1701 4388 patefaciente
1728 4306 2052 4378 monachO,
2081 4304 2213 4367 sine
2234 4302 2629 4366 cunctatione
