3192 5050
810 635 967 688 WID.
1010 635 1293 683 cARMEN
1334 637 1425 684 DE
1468 633 1844 684 HASTINGAE
1883 631 2177 680 PROELIO.

687 775 945 841 Lectica
969 779 1225 842 vehitur
1244 780 1602 843 mobilitate
1631 799 1868 844 carens.

608 879 917 944 Omnibus
943 882 1051 944 ille
1077 891 1295 945 tamen
1314 884 1692 965 primatibus
1717 885 1992 965 imperat
2017 881 2228 944 urbis:

686 985 843 1069 Ejus
867 995 935 1049 et
960 988 1197 1050 auxilio
1222 989 1479 1070 publica
1504 1009 1606 1051 res
1629 989 1862 1069 agitur.

602 1090 775 1154 Huic
802 1113 915 1173 per
940 1092 1227 1174 legatum
1253 1093 1419 1156 clam
1446 1113 1561 1154 rex
1584 1093 1842 1173 pociora
1869 1089 2130 1162 revelat,

684 1195 937 1259 Secreto
964 1206 1225 1280 poscens
1250 1199 1547 1278 quatinus
1574 1197 1676 1260 his
1701 1196 1936 1260 faveat.

605 1299 823 1363 Solum
850 1322 964 1363 rex
987 1303 1321 1376 vocitetur,
1362 1304 1491 1375 ait;
1546 1302 1656 1365 sed
1687 1299 2020 1364 commoda
2045 1299 2226 1380 regni

681 1403 779 1467 Ut
795 1406 983 1488 jubet
1010 1405 1399 1487 Ansgardus,
1438 1407 1696 1469 subdita
1713 1413 1945 1470 cuncta
1968 1412 2169 1486 regat.

598 1509 720 1572 Ille
748 1511 1002 1592 quidem
1022 1519 1245 1574 cautus
1268 1519 1453 1574 caute
1479 1510 1698 1592 legata
1721 1511 1978 1591 recepit,

680 1614 903 1678 Oordis
930 1623 999 1678 et
1022 1615 1269 1678 occulto
1290 1614 1577 1677 condidit
1605 1616 1674 1676 in
1699 1613 2004 1678 tha-lame.

598 1716 779 1781 Natu
805 1722 1095 1800 maiores,
1120 1721 1297 1780 omni
1322 1718 1585 1780 levitate
1613 1717 1881 1800 repulsa,

675 1823 1011 1905 Aggregat
1030 1832 1097 1884 et
1120 1822 1331 1884 verbis
1354 1822 1589 1884 talibus
1616 1821 1995 1902 alloquitur:

593 1930 630 1960 “
654 1923 921 2008 Egregii
946 1925 1197 2000 fratreS,
1222 1933 1363 1988 tum
1382 1925 1447 1988 vi
1474 1934 1616 1987 tum
1641 1927 1866 2007 saepius
1891 1934 2050 1999 arte,

672 2029 792 2092 Est
818 2031 930 2092 ubi
954 2050 1123 2092 nunc
1150 2051 1367 2091 sensus
1390 2036 1603 2092 vester·
1625 2037 1694 2090 et
1719 2038 1898 2094 antus
1923 2029 2035 2090 ubi
2055 2029 2080 2090 ’ἐ

594 2133 869 2198 Cernitis
895 2153 1220 2216 oppressos
1240 2133 1455 2196 valido
1480 2134 1826 2196 certamine
1853 2153 2066 2196 muros

669 2236 760 2300 Et
784 2239 1231 2320 circumseptos
1256 2237 1539 2300 cladibus
1564 2238 1932 2300 innumeris.

591 2340 787 2404 Molis
812 2349 879 2403 et
899 2325 1123 2403 erectssae
1142 2341 1533 2404 transcendit
1559 2341 1858 2405 machina
1881 2350 2106 2414 turrea

667 2445 911 2509 Ictibus
936 2454 1003 2508 et
1028 2445 1311 2528 lapidum
1339 2447 1577 2508 moenia
1603 2447 1794 2509 scissa
1812 2453 2024 2510 ruunt.

591 2549 853 2613 Casibus
879 2572 921 2613 a
942 2550 1164 2613 multis
1190 2571 1267 2612 ex
1292 2551 1470 2612 omni
1495 2558 1678 2632 parte
1706 2552 1893 2613 ruina

665 2652 945 2728 Eminet,
970 2663 1039 2717 et
1062 2663 1281 2717 nostra
1304 2655 1499 2717 corda
1520 2654 1752 2718 timore
1780 2655 2022 2730 labant,

584 2759 799 2841 Atque
823 2778 1049 2821 manus
1074 2759 1293 2840 populi
1316 2759 1519 2821 nimio
1538 2778 1832 2841 percussa
1855 2781 2088 2842 pavore

663 2863 862 2927 Urbis
888 2864 971 2925 ad
996 2862 1303 2926 auxilium
1328 2864 1612 2943 segniter
1635 2883 1816 2927 arma
1841 2873 2074 2928 movet.

584 2966 841 3051 Nosque
868 2969 1021 3030 foris
1044 2976 1259 3029 vastat
1282 2967 1555 3049 gladiuS,
1594 2987 1793 3049 pavor
1817 2969 2001 3051 angit
2027 2977 2093 3032 et
2121 2971 2308 3045 intus»,

659 3072 749 3136 Et
767 3074 1017 3135 nullum
1042 3074 1225 3136 nobis
1250 3073 1612 3154 praesidium
1637 3081 1939 3154 superest.

579 3176 755 3259 Ergo
774 3198 1013 3259 precor,
1040 3178 1219 3240 vobis
1246 3177 1303 3239 si
1322 3196 1463 3257 spes
1488 3184 1585 3238 est
1613 3176 1748 3239 ulla
1771 3176 2011 3251 salutis,

659 3280 971 3365 Quatinus
994 3282 1245 3344 addatis
1262 3282 1505 3343 viribus
1530 3280 1878 3361 ingenium,

576 3384 697 3449 Est
723 3388 875 3469 quia
898 3387 1302 3467 praecipuum,
1342 3386 1397 3446 si
1416 3386 1515 3446 vis
1530 3385 1902 3447 succumbat
1927 3386 1996 3447 in
2021 3394 2188 3460 actu,

656 3488 838 3572 Quod
861 3490 1100 3552 virtute
1128 3491 1366 3571 nequit,
1406 3487 1523 3552 fiat
1548 3496 1624 3549 ut
1649 3490 1924 3569 ingenio,

570 3592 690 3657 Est
725 3596 924 3676 igitur
949 3595 1131 3655 nobis
1154 3614 1341 3676 super
1366 3594 1485 3655 hoc
1512 3593 1858 3674 prudenter
1883 3595 2218 3675 agendum,

651 3697 741 3760 Et
767 3699 1009 3781 pariter
1030 3718 1257 3760 sanum
1284 3718 1559 3779 quaerere
1584 3697 1936 3764 eonsilium..

572 3804 812 3868 Censeo
838 3812 1240 3886 quapropter,
1280 3804 1335 3864 si
1359 3803 1541 3865 vobis
1564 3810 1814 3865 constat
1841 3804 2197 3880 honestum,

649 3907 887 3971 Hostes
914 3909 1065 3969 dum
1092 3908 1337 3969 lateant
1362 3908 1582 3969 omnia
1607 3927 1744 3988 quae
1768 3909 2069 3990 patimur,

567 4014 875 4076 Actutum
905 4012 1123 4073 docilis
1146 4021 1361 4074 noster
1387 4012 1638 4095 legatus
1663 4021 1738 4075 ut
1764 4013 1934 4078 hosti

648 4116 975 4190 Mittatur,
1015 4118 1226 4179 verbis
1248 4116 1471 4179 fallere
1498 4118 1606 4198 qui
1631 4125 1905 4199 satagat,

568 4220 918 4284 Servicium
946 4220 1201 4281 simulet
1226 4241 1342 4282 nec
1368 4241 1496 4282 non
1523 4229 1590 4282 et
1615 4220 1855 4285 foedera
1876 4227 2080 4305 pactis

644 4324 732 4388 Et
758 4325 996 4387 dextris
1024 4325 1275 4390 dextras
1296 4325 1579 4398 subdere,
1621 4326 1674 4389 si
1695 4324 1975 4406 jubeat.”

2044 4436 2167 4496 Ε2

2417 613 2497 679 47
