3192 5050
1316 608 1566 657 Bnnvns
1620 607 1937 659 nummo.
2444 595 2520 659 11

561 771 712 815 vero
754 751 984 827 finivit,
1025 751 1178 813 fecit
1219 752 1531 814 hoeredem
1585 754 1665 814 de
1720 752 2121 816 Normannia
2173 753 2525 818 Robertum

561 855 764 917 filium
792 876 994 929 suum,
1040 856 1120 918 de
1147 856 1390 937 Anglia
1413 864 1629 917 autem
1656 854 2062 919 Willelmum
2087 857 2285 938 alium
2320 858 2525 921 filium

561 970 764 1020 01111111.
849 957 972 1040 9111
999 978 1190 1039 quam
1217 959 1406 1020 citius
1440 959 1669 1040 potuit,
1705 959 2013 1039 Angliam
2046 963 2359 1023 transiens
2384 971 2527 1044 post

563 1064 1020 1124 concessionem
1047 1063 1266 1143 patris,
1301 1069 1624 1143 susceptus
1662 1069 1759 1124 001
1784 1062 1869 1123 ab
1896 1062 2124 1144 Anglis
2148 1072 2217 1126 et
2243 1063 2525 1141 Francis,

562 1173 964 1246 sacratusque
997 1172 1094 1226 est
1123 1184 1234 1225 rex
1269 1164 1524 1245 Angliae
1567 1184 1608 1225 a
1654 1161 2011 1226 Lanfranco
2038 1166 2527 1250 Archiepiscopo

565 1266 909 1330 Londoniae
923 1267 1093 1348 apud
1108 1265 1757 1328 westmonasterium
1773 1267 1840 1326 in
1868 1266 2133 1330 ecclesia
2154 1269 2327 1332 beati
2349 1269 2527 1332 Petri

564 1369 875 1452 Apostoli.
919 1367 1088 1430 Filio
1119 1376 1336 1432 autem
1363 1367 1789 1432 suoHenrico
1814 1368 1992 1430 dedit
2021 1391 2133 1431 rex
2158 1371 2527 1436 Willelmus

558 1476 692 1554 jam
720 1473 1064 1534 moriturus
1090 1471 1419 1552 quinquies
1452 1470 1630 1532 mille
1675 1470 1873 1533 libras
1924 1473 2213 1554 Anglicae
2235 1484 2525 1538 1110110180.

565 1575 918 1638 Defimctus
952 1593 1104 1656 ergo
1129 1594 1241 1634 rex
1266 1572 1639 1636 Willelmus
1670 1574 1833 1636 sicut
1856 1576 2299 1654 ordinaveram·
2326 1578 2529 1643 08110-

565 1699 742 1741 11111111
788 1677 1136 1740 translatus
1175 1684 1272 1738 est
1312 1685 1380 1738 01
1419 1677 1703 1760 sepultus
1748 1687 1898 1740 ante
1939 1683 2145 1763 majus
2200 1682 2403 1746 altare
2456 1686 2525 1746 in

564 1783 825 1846 ecclesia
865 1784 1040 1844 beati
1090 1780 1401 1862 Stephani
1441 1783 1943 1864 protomartyris,
1975 1804 2167 1865 quam
2203 1787 2335 1868 ipse·
2380 1809 2526 1851 con-

565 1894 880 1950 struxerat
926 1907 966 1948 a
1018 1885 1466 1947 fundamentis.
1568 1883 1725 1947 Fuit
1776 1895 1991 1949 autem
2026 1897 2169 1970 post
2213 1890 2347 1953 haec
2397 1913 2526 1955 non

565 2010 762 2072 parva
774 1988 1086 2051 discordia
1111 1989 1280 2050 inter
1302 1986 1656 2049 Robertum
1678 1987 1992 2052 Comitem
2021 1989 2435 2058 Normanniae
2460 2004 2527 2059 et

564 2093 968 2156 Willelmum
994 2091 1260 2179 fiatrem
1288 2111 1470 2152 suum
1498 2113 1716 2173 regem
1742 2093 2118 2176 Anglorum.

647 2196 826 2258 Tunc
864 2195 1185 2257 Henricus
1203 2196 1508 2256 remansit
1528 2195 1595 2255 in
1619 2194 2027 2260 Normannia
2058 2219 2204 2261 011111
2246 2200 2527 2266 Roberto

565 2301 762 2362 fratre
789 2321 920 2373 suo,
950 2299 1060 2380 qui
1100 2299 1278 2360 dedit
1297 2299 1359 2360 ei
1385 2299 1704 2379 quandam
1730 2307 1970 2362 terram
2008 2302 2077 2362 in
2108 2300 2527 2382 Normannia,

563 2403 673 2465 sed
697 2423 824 2464 non
851 2401 1090 2462 diutius
1116 2401 1264 2462 inde
1286 2401 1593 2482 gaudium
1620 2401 1865 2464 habuit.
1948 2401 2101 2465 Non
2124 2405 2331 2469 multo
2356 2410 2528 2470 enim

565 2513 866 2587 tempore,
895 2504 1169 2568 inventis
1195 2503 1572 2586 quibusdam
1592 2504 1827 2567 vilibus
1836 2508 2263 2573 occasionibus
2276 2511 2337 2573 ei
2346 2511 2527 2575 illam

567 2609 848 2672 abstulit.
931 2606 1084 2671 Post
1108 2608 1241 2669 haec
1280 2615 1496 2669 autem
1525 2607 1850 2689 aliquanto
1884 2618 2168 2693 tempore
2206 2620 2528 2680 transacto

565 2712 962 2775 concordiam
990 2710 1347 2773 adinvicem
1375 2709 1661 2772 fecerunt
1687 2709 2057 2776 Willelmus
2086 2718 2391 2781 secundus
2414 2740 2529 2781 rex

563 2796 816 2898 Angliae
835 2823 903 2877 et
920 2814 1235 2877 Robertus
1255 2812 1482 2875 Comes
1503 2812 1935 2891 Nol-manniae,
1950 2826 2035 2893 et,
2052 2839 2247 2900 quum
2260 2822 2527 2886 fratrem

565 2940 747 2981 suum
791 2918 1150 2981 Henricum
1197 2916 1560 2977 debuissent
1606 2916 1705 2998 adj
1712 2937 1924 2993 uvare,
1970 2922 2150 3002 eique
2197 2926 2529 3005 providere

567 3032 640 3085 ut
652 3020 1110 3086 honorabiliter
1129 3020 1298 3080 inter
1312 3017 1454 3080 illos
1467 3020 1631 3081 sicut
1639 3020 1839 3082 frater
1856 3042 2073 3084 eorum
2095 3034 2163 3087 et
2176 3024 2345 3089 filius
2359 3030 2529 3111 regis

564 3128 776 3190 vivere
802 3132 1010 3207 posset
1047 3143 1174 3185 non
1220 3121 1340 3183 hoc
1365 3122 1672 3197 fecerunt,
1710 3124 1820 3185 sed
1860 3126 1939 3187 de
1966 3134 2107 3190 tota
2130 3136 2304 3192 terra
2328 3134 2529 3213 patris

567 3232 663 3293 sui
689 3227 1001 3311 expellere
1042 3225 1256 3287 conati
1282 3232 1430 3286 sunt
1459 3272 1474 3287 .
1559 3223 1689 3288 Sed
1730 3231 2017 3308 quamvis
2062 3232 2209 3294 inde
2254 3234 2529 3298 multum

570 3334 786 3395 conati
811 3331 1095 3402 fuissent,
1123 3335 1341 3389 tamen
1369 3348 1496 3390 non
1537 3336 1883 3410 potuerunt
1906 3331 2111 3394 facere
2132 3335 2296 3397 sicut
2318 3336 2535 3399 volue-

568 3444 738 3510 runt,
779 3435 887 3497 sed
913 3440 1136 3495 contra
1160 3430 1557 3493 voluntatem
1584 3452 1801 3493 eorum
1828 3434 2039 3495 tenuit
2062 3444 2339 3498 castrum
2367 3442 2535 3519 quod

564 3546 828 3602 vocatur
853 3534 1192 3607 Danfront,
1221 3534 1388 3614 quod
1413 3554 1541 3595 non
1567 3553 1767 3615 parva
1791 3535 2105 3599 industria
2122 3548 2395 3621 ceperat,
2414 3562 2532 3605 nec

564 3650 896 3724 postquam
907 3638 1067 3699 illud
1074 3616 1335 3719 captum
1346 3635 1593 3709 habuit,
1611 3636 1745 3697 ulla
1757 3637 1824 3699 vi
1840 3638 1900 3699 01
1907 3638 2155 3701 auferre
2165 3649 2525 3722 potuerunt.

568 3744 882 3807 Dominus
904 3761 1074 3815 vero,
1103 3740 1266 3801 sicut
1290 3737 1512 3800 multis
1536 3741 1743 3800 visum
1770 3748 1886 3813 est,
1912 3742 2256 3822 adjuvabat
2290 3744 2529 3809 Henri-

565 3868 730 3921 cum‚
767 3846 846 3906 de
873 3864 996 3925 quo
1041 3850 1262 3925 postea
1287 3840 1661 3921 disponebat
1703 3842 1781 3902 de
1810 3849 1951 3905 tota
1980 3842 2221 3925 Anglia
2256 3854 2323 3908 et
2359 3847 2528 3911 Nor-

563 3950 824 4010 mannia
868 3946 1182 4007 haeredem
1228 3943 1434 4005 facere
1481 3950 1550 4003 et
1602 3942 1971 4007 Dominum.
2055 3945 2343 4029 Contigit
2378 3972 2529 4015 vero

565 4059 783 4133 postea
823 4058 898 4111 ut
925 4048 1247 4111 Robertus
1295 4044 1520 4108 Comes
1549 4043 1965 4107 Normanniae
2018 4046 2529 4133 Hierosolymam

565 4156 707 4227 iret,
755 4162 1080 4233 totamque
1128 4148 1593 4213 Normanniam
1641 4147 1826 4211 fratri
1866 4169 1979 4211 suo
2016 4148 2352 4215 Willelmo
2388 4155 2529 4235 regi
