3192 5050
762 579 981 627 GEs'rA
1022 579 1373 627 WILLELMI
1415 579 1622 626 Ducls
1662 577 2213 626 NORMANNORUM.
2391 563 2473 625 83

390 737 403 745 “
497 725 953 807 divulgabatur
978 723 1307 797 claritudo,
1334 729 1522 804 parta
1540 724 1608 782 in
1636 722 1752 785 illa
1776 722 2193 804 expeditione.
2275 719 2470 784 Hunc

499 832 676 891 inter
746 837 1003 892 cunctos
1069 829 1329 891 aiebant
1367 827 1731 889 excelluisse
1797 827 2076 907 ingenio,
2139 825 2472 899 industria,

496 952 714 994 manu.
799 930 938 1002 Rex
962 933 1024 993 ei
1063 949 1255 1012 quam
1295 930 1568 992 libenter
1607 930 2000 1011 proponebat
2038 929 2470 1002 consultanda,

500 1043 568 1096 et
594 1034 877 1099 maxima
900 1053 1160 1115 quaeque
1187 1032 1270 1094 ad
1296 1035 1431 1114 ejus
1455 1033 1722 1113 gerebat
1749 1033 2164 1104 sententiam3
2211 1039 2472 1113 antepo-

502 1157 659 1198 nens
704 1138 773 1197 in
825 1136 1271 1218 perspicientia
1314 1134 1585 1197 consulti
1638 1133 1918 1196 melioris
1963 1155 2108 1196 eum
2161 1135 2480 1196 omnibus·

508 1236 787 1300 Unicum
814 1240 882 1300 id
907 1239 1351 1320 redarguebat,
1392 1238 1559 1320 quod
1582 1238 1856 1300 nimium
1881 1237 2176 1319 periculis
2198 1238 2472 1320 objecta-

504 1343 620 1403 bat
670 1361 757 1416 se,
825 1361 900 1403 ac
934 1341 1303 1423 plerumque
1348 1362 1630 1424 pugnam
1685 1342 2082 1421 quaeritabat,
2137 1341 2473 1404 decurrens

504 1445 717 1526 palam
764 1466 909 1507 cum
951 1446 1130 1508 denis
1176 1454 1290 1508 aut
1335 1445 1754 1527 paucioribus.
1838 1443 2243 1508 Nox-mannos
2273 1448 2472 1508 etiam

505 1551 809 1631 primates
828 1549 1215 1623 obsecrabat,
1234 1569 1316 1611 ne
1334 1548 1654 1612 committi
1667 1547 1954 1631 praelium
1970 1548 2073 1611 vel
2087 1549 2473 1613 levissimum

502 1660 651 1714 ante
676 1653 1093 1734 municipium
1113 1653 1367 1734 aliquod
1387 1659 1786 1734 paterentur3
1827 1661 2136 1728 metuens,
2155 1653 2472 1728 videlicet,

505 1775 870 1816 occasurum
906 1756 1211 1818 virtutem
1250 1756 1651 1830 ostentando,
1691 1757 1758 1816 in
1797 1776 1922 1838 quo
1960 1757 2144 1840 regni
2185 1759 2282 1819 sui
2319 1778 2476 1839 prae-

508 1858 739 1919 sidium
790 1857 1220 1920 firmissimum
1274 1867 1343 1924 et
1393 1867 1840 1921 ornamentum
1900 1856 2472 1943 splendidissimum

507 1962 871 2042 reponebat.
957 1960 1269 2024 Caeterum
1310 1981 1448 2043 quae
1487 1961 1664 2024 velut
1702 1962 2189 2026 immoderatam
2221 1963 2474 2026 fortitu-

504 2065 671 2126 dinis
711 2067 1199 2128 ostentationem
1246 2065 1599 2146 multopere
1645 2066 2047 2128 dissuadebat
2094 2065 2235 2128 Rex
2282 2076 2473 2148 atque

508 2169 882 2250 castigabat,
909 2189 987 2230 ea
1010 2189 1125 2230 nos
1163 2168 1421 2230 fervidae
1448 2176 1639 2250 atque
1666 2171 1962 2232 animosae
1985 2171 2163 2232 aetati
2203 2179 2316 2232 aut
2341 2169 2476 2233 offi-

510 2274 611 2334 cio
657 2272 1043 2334 ascribimus,
1130 2271 1490 2334 Secessione
1542 2272 1662 2334 tali
1716 2274 2037 2336 interdum
2091 2275 2477 2357 explorando

508 2376 928 2458 reperiuntur,
981 2393 1121 2457 quae
1168 2395 1296 2437 non
1350 2375 1593 2438 modice
1647 2376 2007 2457 expediunt.
2116 2377 2478 2460 Aliquando

511 2476 786 2541 malefici
812 2479 1229 2559 excipiuntur,
1269 2479 1380 2561 qui
1404 2478 1850 2542 multitudines
1877 2480 2204 2562 agminum
2231 2491 2476 2559 cavent,

513 2582 702 2644 modo
728 2580 997 2643 efficitur
1020 2582 1195 2643 aliud
1213 2581 1640 2644 utilissimum.

594 2682 697 2745 En
741 2684 937 2765 ipsius
962 2684 1203 2746 factum
1247 2704 1435 2767 quem
1462 2705 1874 2761 excusamuS,.
1896 2694 1964 2749 et
1989 2691 2165 2769 cujus
2183 2690 2476 2754 mirabile

514 2788 894 2867 tyrocinium
921 2788 1232 2849 attentius
1256 2788 1618 2851 meminisse
1645 2789 1915 2872 lepidius
1953 2791 2246 2855 delectat.
2332 2792 2478 2858 Suis

514 2889 933 2952 familiaribus
970 2890 1189 2953 volens
1234 2892 1414 2973 quasi
1456 2891 1643 2967 elabi,
1686 2903 2022 2956 secesserat
2053 2896 2136 2957 ab
2179 2898 2477 2975 exercitu,

515 2994 753 3074 equites
799 2993 1030 3055 ducens
1078 2992 1529 3077 aliquantisper
1568 3005 1902 3060 trecentos.
1982 2997 2110 3060 His
2149 3001 2296 3061 dein
2332 3023 2476 3064 cum

515 3096 661 3158 solis
674 3104 946 3178 quatuor
960 3095 1279 3159 subtrahit
1295 3118 1380 3173 se,
1396 3107 1586 3181 atque
1607 3100 1881 3181 palatur.
1941 3100 2105 3163 Ecce
2131 3104 2479 3168 obveniunt

515 3220 594 3261 ex
618 3208 799 3281 parte
814 3199 1031 3261 hostili
1052 3215 1167 3261 xv.
1194 3203 1629 3283 superbientes
1648 3204 1716 3265 in
1742 3206 1918 3286 equis
1933 3213 1999 3266 et
2019 3208 2229 3269 armis.
2313 3206 2478 3270 Con-

515 3305 696 3365 tinuo
747 3305 1069 3365 incurrens
1108 3303 1395 3368 lanceam
1423 3308 1696 3389 projicit,
1723 3310 2044 3373 audacissV
2063 3332 2209 3373 qum
2251 3332 2478 3376 cavens

517 3406 859 3488 perfodere.
944 3404 1119 3469 Coxa
1144 3416 1359 3469 autem
1386 3409 1647 3493 dirupta
1672 3420 1767 3473 est
1787 3412 1930 3477 allis
1999 3434 2196 3476 terrae.
2281 3414 2477 3479 Caete-

514 3531 617 3572 ros
662 3511 746 3572 ad
779 3519 1077 3591 quartum
1122 3512 1495 3574 milliarium
1541 3518 1955 3597 persequitur.
2039 3517 2194 3581 Tres
2235 3521 2480 3585 interea

517 3615 832 3689 centuriae,
886 3634 1043 3695 quas
1092 3614 1456 3697 reliquerat,
1522 3619 1968 3701 subsequentes
2022 3624 2478 3706 investigandO,

518 3718 861 3798 (timebant
886 3719 1057 3780 enim
1084 3722 1219 3801 ejus
1244 3719 1549 3803 fidentiae)
1576 3732 1836 3805 repente
1867 3723 2180 3789 Comitem
2210 3727 2480 3792 Tedbal-

517 3822 668 3882 dum
694 3823 1083 3904 perspiciunt
1122 3844 1267 3885 cum
1304 3826 1622 3906 equitibus
1649 3828 2027 3909 quingentis.
2111 3829 2224 3893 Fit
2266 3836 2479 3915 opinio

515 3926 893 3987 tristissima.
935 3924 1173 3988 Hostes
1192 3928 1586 3990 arbitrantur
1606 3951 1730 4004 eos„
1748 3939 1938 4013 atque
1955 3934 2280 3997 dominum
2297 3959 2479 4001 suum

518 4029 583 4087 in
611 4048 828 4089 eorum
855 4037 1171 4110 potestate
1199 4032 1719 4113 comprehensum
1747 4036 1971 4097 teneri.
2055 4036 2336 4102 Invicem
2363 4044 2481 4124 igi-

516 4138 623 4192 tur
648 4132 984 4206 cohortati,
1010 4153 1203 4215 prope
1231 4134 1299 4195 in
1326 4135 1591 4198 dubium
1618 4156 1854 4212 casum,
1881 4147 1954 4200 ut
1981 4139 2161 4202 illum
2188 4145 2484 4227 eripiant,
