3192 5050
796 608 1011 657 ens'rA
1052 608 1400 657 WILLELMI
1441 608 1643 655 nums
1684 607 2231 656 NORMANNORUM.
2362 592 2481 659 117

546 755 750 828 titem,
791 775 917 815 non
964 774 1087 835 qua
1121 755 1329 815 decuit
1372 754 1732 816 obedientia
1757 761 2087 814 veneratus
2113 760 2225 814 est.
2307 750 2482 815 Nam

547 858 867 938 apostolici
895 860 1192 920 mandato
1218 860 1436 940 saepius
1473 859 1556 919 ad
1583 857 1941 919 Romanum
1968 858 2299 918 concilium
2327 859 2484 918 acci-

547 969 666 1035 tuS,
708 965 916 1024 renuit
968 965 1077 1023 ire.
1209 961 1372 1023 Sane
1419 963 1676 1043 pigebat
1730 959 2174 1043 Rotomagum,
2226 961 2484 1043 pigebat

545 1074 831 1127 cunctam
855 1065 1334 1140 Normanniam,
1349 1065 1817 1147 archipraesulis,
1838 1067 1965 1146 qui,
1980 1086 2122 1126 cum
2142 1066 2487 1126 honestatis

545 1168 748 1231 forma
765 1171 1110 1231 eminentes
1134 1190 1402 1251 quosque
1435 1170 1801 1231 antecedere
1826 1166 2100 1243 deberet,
2126 1168 2486 1230 infimarum

546 1294 949 1355 personarum
992 1276 1350 1337 testimonio
1376 1283 1703 1335 accusante
1738 1274 2199 1347 confutabatur,
2240 1274 2487 1334 univer-

549 1399 756 1439 sorum
783 1381 1075 1462 despectu
1100 1380 1534 1461 degradandus
1559 1380 1950 1440 censebatur.

629 1482 927 1565 Princeps
969 1485 1163 1565 igitur
1199 1484 1705 1545 animadvertens
1740 1486 1874 1563 jam
1919 1503 2043 1544 non
2083 1484 2343 1544 monitis
2382 1484 2489 1564 agi

547 1597 832 1668 oportere
861 1591 926 1649 in
947 1609 1134 1651 causa
1158 1590 1479 1670 praecipuae
1515 1589 1865 1670 gravitatis,
1892 1608 1971 1648 ne
1999 1587 2166 1649 ultra
2191 1587 2489 1667 patiendo

549 1695 799 1772 superni
819 1694 1046 1774 judicis
1081 1695 1241 1754 iram
1270 1693 1550 1754 irritaret
1575 1694 1642 1752 in
1670 1712 1753 1766 se,
1787 1692 2073 1771 deposuit
2096 1701 2391 1771 patruum
2419 1693 2505 1752 in'

549 1795 799 1873 publico
851 1805 1078 1858 sanctae
1151 1797 1386 1877 synodi,
1439 1794 1765 1875 apostolici
1814 1796 2068 1869 vicario,
2128 1797 2487 1877 cunctisque

554 1896 622 1959 N
621 1902 962 1962 ormanniae
981 1902 1298 1982 episcopiS,
1319 1903 1502 1981 juxta
1527 1919 1837 1961 canonum
1865 1900 2323 1973 auctoritatem,
2352 1920 2488 1960 sen-

547 2005 813 2063 tentiam
867 2004 1158 2065 dantibus
1197 2003 1480 2064 unanimi
1525 2022 1841 2063 consensu.
1924 2001 2294 2063 Maurilium
2342 2024 2489 2066 vero

549 2106 859 2167 cathedrae
884 2107 1164 2168 liberatae
1191 2107 1481 2188 providit,
1523 2126 1600 2167 ex
1637 2104 1847 2178 Italia,
1888 2106 1997 2166 ubi
2024 2126 2211 2186 supra
2236 2114 2490 2169 caeteros

549 2208 808 2270 abbates
835 2211 1091 2270 emicuit
1106 2211 1387 2282 eximius,
1404 2209 1763 2269 reductum:
1792 2209 2226 2289 dignissimum
2244 2230 2489 2273 summo

545 2314 825 2373 omnium
851 2313 1359 2395 archipraesulatu
1385 2314 1614 2373 merito
1638 2312 1901 2393 generis,
1941 2332 2235 2393 personae,
2290 2316 2486 2376 virtu-

547 2422 705 2488 tum,
745 2417 1059 2477 doctrinae.

629 2518 840 2601 Hujus
864 2541 1080 2602 parem
1101 2522 1430 2602 quendam,
1457 2530 1522 2582 et
1547 2522 1615 2581 in
1636 2520 2054 2584 anachoretici
2073 2522 2301 2603 rigoris
2322 2544 2488 2586 com-

549 2626 780 2688 militio
795 2626 1077 2688 sedulum
1093 2626 1623 2699 contubernalem,
1643 2625 2034 2700 Gerbertum,
2054 2636 2291 2689 cunctae
2318 2649 2489 2690 sanc-

549 2732 756 2793 titatis
795 2733 1172 2794 conscientia
1214 2739 1281 2792 et
1325 2731 1496 2793 fama
1533 2735 1718 2812 juxta
1770 2731 2044 2804 beatum,
2084 2731 2325 2812 aliquot
2350 2743 2491 2816 post

551 2855 745 2896 annos
790 2837 1071 2898 coenobio
1116 2837 1316 2898 sancti
1363 2834 1821 2916 Wandregisili
1860 2834 2157 2916 praefecit,
2203 2837 2487 2899 ordinem

551 2938 857 3020 dilapsum
885 2941 1210 3001 restituere
1247 2939 1575 3000 intendens
1611 2959 1722 3019 per
1748 2938 2043 3000 abbatem
2078 2941 2487 3020 spiritualem.

552 3043 762 3104 Ambo
803 3043 873 3104 hi
917 3045 984 3103 in
1031 3052 1216 3105 aetate
1264 3043 1705 3105 florentissima
1730 3043 2147 3116 divinitatem,
2188 3052 2254 3104 et
2300 3064 2488 3124 quam

551 3147 848 3209 divinitas
872 3147 1157 3228 largitur,
1173 3149 1648 3219 beatitudinem,
1668 3147 1989 3227 speculati,
2029 3147 2154 3210 alio
2168 3149 2488 3230 multoque

550 3252 978 3332 perspicatiori
1021 3253 1249 3312 mentis
1289 3252 1582 3312 acumine.
1603 3270 1791 3330 quam
1820 3248 2026 3323 Plato,
2065 3251 2235 3312 nuda
2257 3251 2489 3332 profes-

551 3355 721 3416 sione
762 3355 1210 3435 impedimenta
1253 3375 1461 3414 rerum
1504 3352 1944 3433 temporalium
1982 3373 2249 3427 evasere,
2290 3355 2489 3436 despi-

549 3466 762 3520 cantes
777 3459 1106 3519 mundanae
1125 3458 1546 3539 philosophiae,
1565 3457 1922 3518 vehementi
1942 3456 2355 3537 applicatione
2372 3479 2411 3520 a
2424 3479 2490 3520 se

553 3573 784 3638 amata,
829 3561 1185 3643 Gymnasia‚
1225 3562 1414 3643 patrii
1440 3560 1554 3623 soli
1573 3560 1819 3621 dulcem
1848 3562 2133 3633 arrisum,
2172 3562 2390 3642 opibus
2415 3583 2489 3624 ac

552 3669 972 3750 generositate
1024 3665 1258 3727 claram
1313 3665 1719 3746 parentelam,
1762 3685 1933 3745 spem
1962 3663 2325 3726 sublimium
2352 3686 2492 3746 pro-

552 3782 862 3836 vectuum.
950 3769 1053 3832 Sic
1074 3771 1283 3830 animo
1311 3769 1544 3830 victore
1573 3768 1848 3850 expediti
1874 3788 2038 3828 nunc
2066 3768 2346 3848 subjugo
2372 3790 2490 3831 coe-

553 3878 900 3949 nobiorum,
941 3896 1106 3936 nunc
1149 3876 1214 3934 in
1259 3874 1452 3934 eremi
1477 3872 1665 3946 lucta,
1705 3871 1945 3932 aemulis
1982 3870 2490 3934 Machabaeorum

555 3983 958 4044 decertabant
997 3980 1348 4052 sudoribus3
1389 3998 1503 4058 pro
1537 3975 1993 4038 interminabili
2018 3984 2083 4037 et
2108 3976 2492 4040 liberalitate

554 4096 621 4148 et
646 4088 872 4168 quiete,
898 4106 1146 4146 omnem
1175 4084 1657 4155 extremitatem,
1684 4080 1920 4141 nullam
1947 4081 2391 4162 praelationem,
2425 4084 2491 4142 in

554 4191 740 4252 exilio
765 4190 984 4251 mundi
1009 4188 1438 4270 praetereuntis
1463 4186 1825 4246 ambientes.

589 4314 592 4320 ·
639 4293 1017 4356 Sublimavit
1058 4294 1223 4354 idem
1264 4292 1547 4373 princeps
1588 4289 1983 4371 quamplures
2025 4289 2327 4361 ecclesias,
2353 4310 2495 4369 pro-
