3192 5050
1038 635 1512 683 PRo'rss'rAno
1555 635 1927 682 xvuLELML
2387 621 2468 682 25

497 781 716 860 magni
743 778 923 840 fluvii
941 798 1132 860 usque
1151 779 1232 840 ad
1245 787 1558 840 extremos
1575 777 1803 841 Scotiae
1822 778 1979 840 fines
1996 787 2061 841 et
2078 780 2376 862 quicquid
2391 801 2469 842 ex

493 883 611 944 hac
633 891 814 964 parte
833 883 1117 963 praedicti
1133 881 1415 941 fluminis
1433 883 1515 942 ad
1531 884 1897 963 parochiam
1928 882 2345 944 Eboracensis
2372 905 2469 945 ec-

494 987 694 1048 clesiae
727 989 868 1068 jure
896 987 1218 1068 competit,
1250 984 1726 1048 cantuariensis
1746 987 2273 1068 metropolitanus
2302 987 2470 1050 Ebo-

493 1091 732 1150 racensi
753 1090 1221 1170 archiepiscopo
1242 1091 1496 1169 ejusque
1525 1091 1978 1151 successoribus
2000 1091 2065 1150 in
2095 1099 2467 1171 perpetuum

492 1194 780 1254 obtinere
808 1193 1129 1253 concessit.
1186 1191 1293 1252 Ita
1308 1199 1381 1252 ut
1403 1193 1457 1252 si
1479 1191 1953 1253 Cantuariensis
1970 1193 2469 1275 archiepiscopus

494 1299 828 1360 concilium
883 1318 1106 1378 cogere
1159 1297 1450 1370 voluerit,
1507 1299 1863 1378 ubicunque
1912 1298 1973 1358 ei
2012 1299 2218 1358 visum
2256 1298 2467 1370 fuerit,

497 1401 910 1464 Eboracensis
937 1401 1436 1483 archiepiscopus
1458 1402 1554 1461 sui
1575 1402 1975 1481 praesentiam
2002 1421 2147 1462 cum
2176 1403 2467 1462 omnibus

494 1507 614 1567 sibi
654 1506 952 1587 subjectis
992 1506 1073 1565 ad
1100 1512 1326 1565 nutum
1369 1507 1502 1585 ejus
1530 1505 1847 1577 exhibeat,
1888 1513 1955 1564 et
1994 1506 2127 1586 ejus
2152 1506 2469 1566 canonicis

495 1611 1004 1692 dispositionibus
1025 1610 1322 1671 obediens
1343 1609 1592 1670 existat.
1678 1607 1861 1690 Quod
1880 1617 2094 1670 autem
2112 1607 2468 1670 Eboracen-

493 1716 574 1775 sis
613 1715 1112 1795 archiepiscopus
1153 1713 1602 1794 professionem
1648 1711 2090 1774 Cantuariensi
2130 1714 2467 1794 archiepis-

494 1840 647 1900 copo
687 1819 890 1880 facere
933 1819 1130 1880 etiam
1173 1838 1317 1878 cum
1346 1825 1741 1878 sacramento
1781 1818 2031 1890 debeat,
2077 1816 2468 1879 Lanfrancus

491 1923 986 1985 Dorobernensis
1046 1923 1544 2004 archiepiscopus
1583 1942 1662 1982 ex
1699 1923 1966 2003 antiqua
2004 1931 2465 1984 antecessorum

501 2049 757 2089 suorum
808 2028 1256 2090 consuetudine
1310 2026 1607 2098 ostendit,
1663 2027 1771 2086 sed
1824 2026 1907 2087 ob
1963 2046 2243 2086 amorem
2298 2027 2467 2106 regis

498 2131 757 2193 Thomae
775 2129 1158 2193 Eboracensi
1175 2131 1639 2211 archiepiscopo
1656 2137 2117 2190 sacramentum
2138 2129 2465 2202 relaxavit,

491 2238 911 2319 scriptamque
939 2245 1191 2297 tantum
1232 2234 1681 2316 professionem
1724 2233 1978 2313 recepit,
2007 2253 2134 2293 non
2176 2234 2465 2313 praejudi-

494 2360 642 2400 cans
671 2339 1124 2400 successoribus
1151 2339 1278 2398 suis
1307 2339 1414 2419 qui
1437 2342 1902 2397 sacramentum
1920 2355 2063 2394 cum
2085 2335 2465 2414 professione

494 2463 534 2503 a
559 2443 1010 2504 successoribus
1029 2440 1288 2502 Thomae
1317 2441 1568 2521 exigere
1580 2438 1918 2501 voluerint.
1974 2435 2044 2498 Si
2055 2437 2465 2518 archiepisco-

489 2568 604 2628 pus
634 2545 1064 2608 canturiensis
1084 2547 1285 2608 vitam
1313 2544 1570 2616 finierit,
1601 2541 2015 2603 Eboracensis
2053 2542 2465 2622 archiepisco-

491 2671 606 2731 pus
634 2648 1097 2712 Doroberniam
1127 2651 1360 2722 veniet,
1401 2656 1466 2711 et
1493 2668 1639 2709 eum
1669 2648 1777 2728 qui
1806 2646 2039 2709 electus
2064 2646 2277 2720 fuerit,
2318 2667 2463 2707 cum

496 2754 720 2813 ceteris
746 2754 1022 2834 praefatae
1051 2752 1324 2814 ecclesiae
1351 2752 1657 2834 episcopis
1683 2758 1755 2811 ut
1775 2751 2111 2831 primatem
2140 2751 2464 2831 proprium

487 2860 630 2938 jure
670 2858 1078 2919 consecrabit.
1166 2855 1347 2937 Quod
1394 2856 1448 2915 si
1495 2854 1914 2916 Eboracensis
1968 2854 2468 2935 archiepiscopus

487 2963 735 3035 obierit,
775 2963 829 3022 is
857 2962 964 3043 qui
993 2962 1053 3021 ei
1080 2979 1467 3021 successurus
1493 2958 1754 3039 eligitur
1780 2967 2033 3040 accepto
2080 2980 2121 3021 a
2166 2980 2312 3039 rege
2342 2959 2467 3020 Ar-

500 3066 1000 3147 chiepiscopatus
1041 3066 1205 3126 dono
1255 3062 1690 3136 Cantuariam,
1738 3062 1839 3125 vel
1885 3064 1995 3124 ubi
2025 3062 2467 3125 cantuariensi

491 3169 952 3250 archiepiscopo
983 3167 1310 3249 placuerit,
1338 3167 1612 3239 accedet,
1654 3174 1719 3227 et
1740 3167 1822 3227 ab
1848 3167 1981 3247 ipso
2000 3168 2463 3229 ordinationem

497 3273 800 3333 canonico
820 3292 995 3333 more
1023 3272 1334 3353 suscipiet.

571 3374 744 3436 Huic
766 3376 1203 3437 constitutioni
1216 3382 1663 3437 consenserunt
1695 3374 1991 3455 praefatus
2006 3394 2117 3435 rex
2137 3383 2203 3435 et
2222 3375 2462 3436 archie-

492 3480 746 3560 piscopi,
789 3477 1182 3540 Lanfrancus
1205 3478 1675 3540 Cantuariensis
1704 3486 1769 3539 et
1800 3476 2076 3538 Thomas
2106 3476 2461 3538 Eboracen-

493 3584 594 3657 sis,
637 3592 701 3645 et
724 3584 919 3645 ceteri
940 3584 1047 3664 qui
1074 3583 1500 3644 interfuerunt
1521 3583 1812 3663 episcopi.

572 3686 911 3748 Ventilata
937 3696 1031 3747 est
1059 3695 1273 3747 autem
1302 3687 1436 3746 haec
1463 3706 1652 3747 causa
1677 3687 1851 3767 prius
1878 3687 2045 3767 apud
2066 3684 2461 3747 wentanam

493 3791 820 3851 civitatem
869 3792 935 3850 in
994 3788 1284 3851 Paschali
1312 3790 1710 3863 solennitate,
1752 3791 1817 3850 in
1846 3790 2089 3870 capella
2123 3791 2299 3870 regia
2326 3811 2462 3871 quae

495 3894 618 3953 sita
656 3902 752 3953 est
793 3894 860 3953 in
899 3892 1174 3965 castello,
1219 3901 1438 3973 postea
1477 3894 1544 3952 in
1586 3894 1743 3953 villa
1783 3894 1961 3974 regia
2006 3914 2143 3973 quae
2196 3904 2461 3955 vocatur

494 3994 914 4070 Windlesore,
978 3997 1088 4057 ubi
1133 4005 1198 4057 et
1263 3995 1454 4057 finem
1517 3998 1758 4078 accepit
1806 3998 1872 4056 in
1919 3998 2253 4077 praesentia
2276 4000 2463 4079 regiS,

493 4100 940 4181 episcoporum,
1002 4102 1304 4161 abbatum
1351 4101 1741 4161 diversorum
1794 4101 2107 4172 ordinum,
2168 4102 2276 4181 qui
2318 4122 2463 4162 con-

493 4206 740 4285 gregati
777 4213 960 4265 erant
987 4205 1156 4285 apud
1193 4205 1431 4265 curiam
1455 4205 1520 4263 in
1549 4204 1897 4266 festivitate
1935 4202 2352 4265 Pentecostes.

500 4308 534 4339 '¹‘
571 4306 840 4388 Signum
884 4306 1204 4369 Willelmi
1243 4309 1431 4387 regis,
1516 4308 1550 4341 ’¹‘
1585 4308 1853 4389 Signum
1892 4308 2182 4369 Matildis
2208 4312 2459 4389 reginae,
