3192 5050
689 545 771 608 88
1019 559 1233 607 semp.
1275 559 1519 607 RERUM
1560 560 1752 633 cust.
1795 561 2148 610 wamma
2183 564 2236 610 1.

690 705 1039 778 dominum,
1066 704 1183 766 sub
1218 723 1342 785 quo
1376 703 1642 766 licenter
1681 713 1984 786 quaestum
2022 706 2372 769 latrociniis
2405 713 2654 768 contra-

689 809 949 870 herent:
1003 808 1176 889 quali
1202 827 1391 870 causa
1416 808 1669 870 fuerant
1703 809 1944 870 seducti
1985 809 2417 872 inhabitantes
2457 810 2653 872 Alen-

688 913 873 973 tium.
997 909 1151 973 Non
1219 906 1601 993 ignorabant
1666 932 1854 993 quam
1918 914 1985 973 in
2037 912 2105 975 N
2104 915 2441 975 ormannia
2491 920 2654 975 esset

616 1053 624 1076 ¹
687 1016 925 1077 invisus
943 1013 1110 1076 latro
1129 1022 1243 1076 aut
1261 1014 1489 1095 praedo,
1517 1034 1706 1095 quam
1727 1022 1900 1076 recto
1921 1035 2036 1077 usu
2057 1023 2320 1098 uterque
2347 1016 2654 1098 supplicio

688 1120 1104 1192 addiceretur,
1156 1125 1222 1179 et
1263 1118 1430 1198 quod
1470 1126 1695 1182 neuter
1732 1139 1929 1200 parvo
1977 1121 2424 1183 absolveretur.
2509 1119 2655 1182 Suis

686 1222 1014 1286 maleficiis
1038 1223 1308 1284 eundem
1334 1222 1494 1303 legis
1518 1223 1889 1284 metuebant
1922 1245 2127 1287 usum.
2208 1223 2443 1286 Educit
2485 1222 2652 1286 Gau-

685 1328 897 1389 fredus
942 1328 1152 1409 copias
1195 1327 1664 1406 ingentissimas
1710 1334 2027 1408 equestres
2073 1347 2148 1388 ac
2200 1328 2517 1409 pedestres
2570 1327 2653 1388 ad

686 1431 1201 1493 subveniendum.
1286 1426 1662 1490 Guillelmus
1695 1429 1808 1489 ubi
1833 1430 2086 1490 rescivit
2113 1430 2198 1503 id,
2239 1438 2535 1511 properat
2573 1450 2653 1491 ex

686 1537 965 1608 adverso,
1006 1531 1479 1594 continuatione
1505 1532 1849 1593 obsidionis
1874 1532 2185 1593 militibus
2211 1534 2494 1614 probatis
2520 1553 2652 1594 cre-

686 1639 841 1700 dita.
946 1634 1351 1717 Speculatum
1403 1635 1878 1715 praemittuntur
1931 1633 2216 1716 Rogerus
2269 1637 2348 1698 de
2397 1636 2652 1699 Monte-

684 1741 1019 1822 gomerico‚
1077 1745 1143 1798 et
1188 1735 1558 1798 Willelmus
1601 1735 1768 1798 filius
1816 1736 2101 1812 osberni,
2159 1739 2348 1800 ambo
2385 1742 2651 1820 juvenes

686 1865 761 1906 ac
787 1842 1046 1914 strenui,
1087 1839 1195 1920 qui
1220 1845 1501 1899 mentem
1542 1858 1785 1920 quoque
1826 1839 2026 1901 hostis
2066 1843 2650 1922 arrogantissimam

684 1946 1044 2028 perdiscunt
1070 1963 1149 2004 ex
1174 1940 1481 2021 colloquio
1508 1942 1722 2022 ipsius.
1806 1941 2046 2003 Indicit
2085 1963 2198 2024 per
2235 1964 2342 2005 eos
2381 1942 2650 2005 Gaufre-

684 2053 801 2113 dus
840 2049 1093 2110 classico
1140 2065 1251 2107 suo
1300 2043 1626 2106 Guillelmi
1669 2046 1837 2126 apud
1874 2044 2309 2108 Danfrontum
2357 2050 2652 2112 excubias

683 2154 1029 2215 excitatum
1069 2151 1150 2210 iri
1190 2149 1305 2209 sub
1344 2167 1638 2209 auroram
1672 2146 1829 2209 lucis
1855 2149 2215 2210 crastinam.
2297 2147 2652 2232 Praesignat

636 2242 640 2247 ’
685 2258 935 2340 qualem
976 2256 1045 2315 in
1087 2251 1303 2336 praelio
1340 2272 1567 2333 equum
1617 2253 1701 2312 sit
1745 2252 2098 2326 habiturus,
2153 2253 2336 2334 quale
2380 2264 2646 2330 scutum,

682 2361 935 2444 qualem
962 2359 1281 2422 vestitum.
1365 2354 1475 2416 Illi
1500 2363 1725 2416 contra
1758 2376 1914 2437 opus
1927 2377 2076 2446 ⁴non
2103 2377 2233 2418 esse
2271 2359 2650 2439 respondent

683 2465 977 2527 instituto
1008 2482 1153 2523 eum
1194 2461 1420 2520 itinere
1461 2458 1711 2541 longius
1750 2458 2030 2540 fatigari.
2116 2458 2288 2522 Nam
2329 2463 2646 2539 continu0,

682 2576 942 2651 propter
979 2586 1165 2647 quem
1201 2564 1397 2637 vadit,
1442 2561 1654 2624 affore.
1765 2561 2018 2644 Equum
2064 2564 2339 2627 vicissim
2384 2565 2646 2629 Domini

680 2672 781 2733 sui
798 2670 1200 2751 praesignant,
1227 2667 1545 2739 vestitum,
1572 2674 1640 2726 et
1667 2686 1864 2726 arma.
1947 2665 2343 2729 Renuntiata
2366 2670 2498 2731 haec
2518 2689 2644 2733 non

682 2794 907 2857 parum
948 2771 1266 2833 alacritati
1311 2768 1381 2830 N
1380 2789 1830 2831 ermannorum
1879 2770 2138 2831 addunt.
2175 2749 2187 2762 ’
2221 2772 2314 2833 At
2359 2775 2643 2836 omnium

682 2878 1023 2942 acerrimus
1074 2878 1205 2960 ipse
1254 2872 1403 2935 Dux
1450 2874 1704 2955 inurget
1755 2874 2190 2937 accelerantes.
2275 2876 2642 2958 Tyrannum

679 2983 941 3044 fortasse
969 2978 1215 3039 absumi
1241 2976 1639 3038 desiderabat
1665 2976 2022 3038 adolescens
2047 2978 2380 3057 piissimus.
2465 2979 2645 3062 Quod

679 3108 758 3149 ex
804 3083 1096 3147 omnibus
1147 3079 1461 3162 praeclaris
1525 3080 1712 3141 factis
1778 3081 2273 3162 pulcherrimum
2332 3085 2642 3165 judicavit

678 3198 932 3255 senatus
973 3185 1243 3248 Latinus
1282 3193 1348 3246 et
1388 3184 1812 3258 Atheniensis.
1895 3185 2138 3247 Verum
2162 3189 2490 3250 subitaneo
2515 3198 2643 3251 ter-

678 3315 818 3357 rore
885 3297 1318 3354 consternatus
1388 3287 1760 3361 Gaufredus,
1843 3290 2106 3351 adversa
2173 3293 2305 3352 acie
2373 3293 2639 3354 necdum

677 3405 1027 3480 conspecta,
1053 3393 1343 3477 profugio
1370 3392 1639 3453 salutem
1661 3412 1836 3455 suam
1865 3415 2009 3455 cum
2037 3397 2289 3476 agmine
2315 3404 2454 3458 toto
2473 3417 2640 3459 com-

676 3503 901 3564 mittit.
982 3497 1085 3560 En
1124 3495 1289 3559 Duci
1320 3495 1754 3557 Normannico
1779 3495 1942 3557 liber
1967 3517 2325 3578 progressus
2350 3508 2529 3579 patet
2557 3502 2639 3561 ad

674 3604 1128 3669 devastandam
1187 3599 1384 3662 hostis
1443 3599 1852 3680 opulentiam,
1915 3601 1997 3661 ad
2045 3601 2379 3663 delendum
2425 3604 2638 3664 aemuli

676 3730 905 3773 nomen
948 3704 1301 3787 ignominia
1326 3703 1725 3783 sempiterna.
1814 3702 1940 3764 Sed
1982 3706 2160 3766 novit
2203 3725 2332 3766 esse
2368 3707 2638 3786 pruden-

672 3817 838 3877 tium
864 3810 1142 3874 victoriae
1182 3816 1553 3888 temperare,
1594 3815 1788 3888 utque
1815 3828 1940 3869 non
1968 3810 2122 3869 satis
2155 3817 2478 3890 potentem
2505 3832 2636 3873 esse

675 3920 783 4001 qui
818 3924 1017 3977 semet
1058 3916 1125 3974 in
1170 3919 1481 3993 potestate
1508 3910 1848 3972 ulciscendi
1887 3913 2207 3974 continere
2247 3934 2373 3974 non
2423 3919 2635 3995 possit.

678 4023 896 4084 Placet
923 4038 1075 4099 ergo
1100 4017 1494 4077 fortunatum
1536 4016 1661 4076 iter
1699 4026 2079 4078 convertere.
2161 4016 2456 4081 Festinus
2488 4022 2634 4082 inde

672 4146 814 4188 ecce
844 4122 1191 4184 Alenconio
1212 4120 1588 4199 supervenit,
1617 4120 1878 4179 arduam
1908 4140 2040 4179 rem
2063 4142 2276 4201 pugna
2301 4121 2432 4183 fere
2460 4125 2636 4186 nulla
