3192 5050
682 583 762 648 36
1159 603 1375 651 semp,
1401 599 1649 650 RERUM
1674 602 1867 651 ensr.
1897 601 2251 650 wamma
2280 601 2330 649 1.

763 741 939 826 Ergo
965 745 1146 808 decet
1172 747 1386 808 videas
1410 766 1492 808 ne
1519 754 1584 808 te
1612 747 1889 828 perjuria
1913 745 2165 820 laedant,

844 845 934 910 Et
953 852 1171 929 jurata
1202 857 1367 924 tene,
1388 847 1596 911 salvus
1615 857 1689 911 ut
1716 869 1846 910 esse
1867 846 2113 931 queas.”

761 948 1086 1014 Heraldus
1163 953 1346 1016 vultu
1372 953 1642 1015 distorto
1668 953 1831 1016 colla
1855 961 2240 1034 retorquens,

846 1052 1092 1137 Legato
1119 1057 1315 1118 dixit:
1357 1063 1394 1091 ‘⁶
1413 1054 1599 1117 Vade
1621 1064 1810 1132 retro,
1838 1056 2093 1119 stolide:

763 1156 808 1220 J
811 1158 990 1220 udiee
1018 1181 1156 1222 oras
1181 1159 1478 1234 Domino,
1506 1160 1690 1242 regni
1716 1179 1861 1242 pars
1880 1163 2054 1241 justa
2076 1160 2361 1243 patebit:

850 1260 1116 1325 Dividet
1135 1284 1214 1324 ex
1237 1283 1416 1345 aequo
1435 1283 1617 1325 sacra
1640 1283 1865 1325 manus
1885 1259 2205 1325 Domini.’‘

771 1363 890 1427 Ille
917 1375 1088 1429 retro
1108 1387 1390 1450 gressum
1416 1374 1669 1429 vertens
1695 1387 1808 1448 per
1833 1367 2019 1429 devia
2044 1387 2311 1440 rursum,

863 1475 927 1537 A
955 1493 1078 1554 quo
1098 1473 1322 1534 missus
1347 1479 1486 1533 erat
1510 1470 1660 1533 huic
1688 1468 2027 1532 maledicta
2051 1470 2264 1532 refert.

769 1575 1108 1660 Imperiale
1136 1576 1340 1648 decus,
1367 1574 1514 1648 dux,
1541 1594 1668 1655 pax
1694 1582 1759 1636 et
1786 1572 1993 1655 gloria
2017 1575 2218 1656 regni,

853 1680 1133 1742 Praevius
1159 1678 1452 1738 incedens
1471 1685 1622 1738 ante
1648 1696 1791 1738 suas
1810 1677 1975 1738 acies

771 1784 1121 1867 Aggregat,
1143 1789 1211 1842 et
1237 1780 1508 1842 strictim
1535 1780 1859 1861 compellit
1880 1781 2055 1843 abire
2086 1780 2381 1864 Quirites,

854 1887 944 1949 Et
969 1885 1185 1949 faciles
1209 1885 1397 1947 hasta
1421 1883 1892 1965 conglomerare
1920 1883 2092 1946 faeit.

773 1992 1004 2074 Legati
1030 1990 1222 2052 facies
1239 1989 1461 2051 nativo
1486 2008 1663 2050 cassa
1686 1989 1935 2062 rubore,

853 2094 1071 2157 Pallor
1095 2099 1162 2154 et
1188 2091 1464 2155 ostendit
1490 2092 1780 2174 proxima
1804 2091 1973 2154 bella
1992 2091 2145 2156 fore.

774 2198 925 2262 Dux
964 2199 1088 2261 ait:
1143 2202 1178 2230 “
1194 2195 1313 2258 Est
1348 2195 1460 2256 ubi
1499 2216 1613 2256 rex
1632 2194 1656 2258 ’ἔ
1676 2191 1831 2241 ’‘—“
1854 2194 2004 2260 Non
2032 2193 2275 2280 longe,'’
2314 2199 2661 2262 monachus

931 2301 1157 2382 inquit.

850 2405 1036 2468 Dixit
1062 2405 1129 2465 in
1157 2423 1308 2465 aure
1335 2404 1491 2466 sibi:
1533 2409 1569 2436 “
1594 2401 1795 2485 Signa
1813 2404 2027 2466 videre
2054 2414 2252 2487 poteS,

773 2508 1062 2573 Plurima
1084 2508 1281 2571 verba
1299 2505 1434 2569 fero
1462 2525 1599 2589 quae
1626 2528 1849 2570 censeo
1874 2528 2001 2570 non
2028 2507 2395 2572 referenda:

855 2611 982 2676 Illa
1004 2620 1219 2673 tamen
1248 2610 1456 2671 dicam
1484 2630 1621 2691 quae
1647 2611 1911 2672 reticere
1932 2618 2135 2673 nocet.

774 2714 877 2777 Ex
903 2715 1220 2796 inproviso
1246 2719 1456 2794 sperat
1476 2719 1541 2772 te
1568 2711 1787 2773 fallere
1809 2733 2019 2794 posse:

855 2817 980 2881 Per
1004 2837 1200 2891 mare,
1223 2837 1335 2899 per
1359 2823 1599 2877 terram
1626 2814 1845 2896 praelia
1869 2836 2105 2897 magna
2130 2825 2332 2898 parat.

776 2923 856 2986 In
883 2942 1059 2983 mare
1088 2922 1463 3002 quingentas
1481 2918 1683 2980 fertur
1708 2919 1949 2981 misisse
1976 2920 2241 2994 carinas,

857 3024 954 3089 Ut
980 3024 1181 3086 nostri
1206 3024 1446 3084 reditus
1471 3021 1892 3105 praepediatur
1912 3023 2053 3084 iter.

779 3128 917 3212 Quo
942 3128 1250 3209 graditur,
1289 3124 1479 3187 silvas
1497 3124 1704 3206 planis
1731 3124 1983 3187 deducit
2010 3127 2244 3200 adesse,

857 3231 966 3304 Et,
994 3252 1106 3313 per
1126 3249 1261 3311 quae
1281 3228 1512 3291 transit
1533 3225 1819 3302 flumina,
1846 3229 2010 3290 sicca
2036 3228 2210 3291 facit.

779 3334 940 3399 Fors
965 3353 1299 3396 numerum
1326 3329 1615 3393 metues?
1655 3351 1955 3393 numerus
1982 3333 2090 3393 sed
2109 3334 2352 3396 viribus
2377 3355 2597 3415 expers

860 3437 1180 3501 Plurimus
1205 3456 1246 3499 a
1270 3436 1538 3497 minimo
1566 3454 1711 3515 sepe
1738 3434 2021 3516 repulsus
2046 3436 2202 3498 abit.

777 3542 897 3605 Est
915 3542 1037 3604 sibi
1055 3540 1318 3603 milities
1336 3539 1544 3601 unctis
1569 3538 1813 3621 depexa
1831 3539 2095 3621 capilliS,

859 3644 1149 3707 Feminei
1167 3646 1432 3725 juvenes
1460 3640 1697 3703 Martis
1716 3643 1783 3703 in
1811 3652 1948 3705 arte
1975 3645 2162 3727 pigri,

781 3751 873 3815 Et
899 3757 1053 3832 quot
1080 3756 1246 3822 sunt,
1272 3748 1497 3810 ovibus
1522 3748 1792 3809 totidem
1820 3757 1969 3810 sunt
1996 3750 2446 3831 aequiparandi,

860 3853 960 3916 Ut
982 3852 1201 3934 vulpes
1228 3851 1443 3933 pavidi
1470 3850 1739 3932 fulguris
1764 3853 1848 3914 ad
1873 3854 2167 3915 sonitum.

782 3956 1116 4021 Nobilium
1143 3974 1388 4015 memor
1413 3962 1547 4015 esto
1573 3963 1849 4036 patrum,
1878 3956 2007 4017 dux
2031 3976 2283 4037 magne,
2322 3966 2597 4031 tuorum,

860 4060 949 4123 Et
978 4060 1144 4142 quod
1169 4059 1322 4121 feeit
1349 4079 1502 4121 avus
1522 4060 1810 4140 quodque
1837 4067 2037 4141 pater,
2064 4060 2293 4123 facias:

780 4165 1186 4230 Normannos
1211 4183 1480 4244 proavus
1507 4162 1847 4243 superavit,
1877 4184 2151 4245 avusque
2181 4164 2561 4240 Britannos3

734 4314 741 4321 -
861 4268 1218 4350 Anglorum
1247 4267 1498 4348 genitor
1518 4267 1808 4349 subjuga
1833 4267 1997 4330 eolla
2022 4268 2217 4329 dedit.
