3192 5050
920 672 1285 721 nxcERP‘rA
1324 671 1416 718 DE
1458 671 1628 719 vrrA
1671 671 2045 718 WILLELMI.
2405 653 2486 716 63

514 819 847 880 confestim
874 817 1146 890 incendi,
1189 825 1255 877 et
1280 817 1558 897 copiosos
1584 823 2016 876 armentorum
2053 814 2488 895 pecudumque

513 942 741 1002 greges
767 922 999 1003 passim
1028 921 1316 981 mactari.
1410 917 1898 981 Multitudinem
1928 920 2140 998 itaque
2163 918 2489 999 utriusque

514 1043 696 1085 sexus
722 1031 857 1085 tam
902 1023 1057 1083 dirae
1100 1022 1289 1083 famis
1327 1041 1628 1084 mucrone
1656 1021 1944 1083 multavi.
2027 1019 2116 1082 Et
2159 1022 2248 1082 sic
2284 1020 2492 1082 multa

513 1126 723 1187 millia
735 1125 1175 1208 pulcherrimae
1193 1125 1403 1205 gentis
1431 1145 1651 1186 senum
1673 1128 2102 1206 Juvenumque
2125 1124 2286 1205 proh
2312 1123 2492 1185 dolor

513 1229 798 1292 funestus
822 1231 1155 1292 trucidavi.
1238 1228 1466 1292 Fasces
1493 1231 1692 1310 igitur
1717 1228 1904 1309 hujus
1932 1229 2132 1309 regni,
2162 1228 2327 1309 quod
2346 1247 2490 1290 cum

460 1393 469 1403 ,
514 1341 615 1395 tot
632 1335 907 1415 peccatis
932 1334 1201 1406 obtinui,
1229 1333 1391 1394 nulli
1420 1333 1623 1394 audeo
1641 1332 1891 1393 tradere
1913 1333 2036 1393 nisi
2063 1331 2204 1394 Deo
2230 1331 2382 1393 soli:
2410 1351 2492 1392 ne

516 1445 657 1517 post
684 1436 873 1498 funus
897 1428 1113 1497 meum
1154 1437 1359 1498 adhuc
1415 1437 1733 1497 deteriora
1775 1434 1936 1496 fiant
1981 1434 2302 1496 occasione
2346 1435 2493 1496 mei.

520 1540 955 1603 Guillielmum
974 1539 1179 1601 filium
1194 1560 1429 1614 meum,
1448 1541 1556 1621 qui
1572 1541 1734 1600 mihi
1755 1559 1794 1601 a
1808 1541 2030 1620 primis
2050 1540 2232 1600 annis
2247 1559 2494 1620 semper

392 1655 399 1660 “
514 1644 787 1717 inhaesit,
816 1652 881 1704 et
909 1644 1071 1704 mihi
1090 1663 1205 1724 pro
1226 1663 1402 1724 posse
1420 1663 1533 1704 suo
1552 1663 1666 1724 per
1686 1644 1903 1704 omnia
1919 1643 2190 1705 libenter
2207 1643 2492 1704 obedivit

515 1757 667 1830 opto
687 1749 755 1808 in
784 1748 1011 1828 spiritu
1029 1745 1157 1808 Dei
1174 1745 1441 1808 Domini
1459 1747 1691 1820 valere,
1710 1755 1776 1808 et
1797 1748 1864 1807 in
1881 1749 2063 1827 regni
2090 1747 2266 1820 solio,
2295 1748 2346 1809 si
2367 1746 2494 1808 Dei

516 1852 810 1914 voluntas
837 1859 950 1924 est,
992 1849 1285 1921 foeliciter
1309 1846 1612 1932 fulgere.”

605 1955 828 2018 HAEO
844 1964 911 2017 et
929 1956 1030 2016 his
1058 1953 1297 2016 similia
1312 1954 1465 2015 dum
1482 1974 1594 2014 rex
1611 1952 1980 2015 Willelmus
1989 1953 2196 2015 multa
2215 1953 2494 2026 dixisset,

518 2068 585 2121 et
613 2068 830 2141 stupor
854 2061 1217 2121 assistentes
1262 2057 1613 2138 callideque
1635 2057 1851 2118 futura
1877 2059 2280 2119 dimetientes
2320 2059 2496 2120 inva-

520 2165 702 2224 sisset
728 2183 742 2224 :
783 2162 1102 2225 Henricus
1117 2162 1328 2223 minor
1348 2159 1516 2222 filius
1534 2169 1608 2221 ut
1634 2159 1727 2221 nil
1747 2161 1869 2221 sibi
1887 2161 1965 2221 de
1985 2161 2304 2242 regalibus
2322 2163 2496 2241 gazis

519 2265 663 2327 dari
690 2266 958 2338 audivit,
986 2285 1257 2326 moerens
1283 2285 1427 2325 cum
1454 2263 1736 2325 lacrimis
1777 2264 1914 2342 regi
1941 2264 2123 2325 dixit.
2203 2263 2294 2325 Et
2333 2265 2495 2325 mihi

519 2379 722 2451 pater,
769 2370 920 2450 quid
947 2368 1223 2431 tribuisz
1306 2366 1428 2430 Gu'i
1454 2388 1567 2428 rex
1593 2368 1723 2440 ait;
1769 2367 2058 2448 Quinque
2095 2367 2272 2428 mille
2299 2367 2497 2430 libras

520 2474 774 2555 argenti
821 2473 898 2535 de
945 2473 1244 2535 thesauro
1272 2493 1415 2534 meo
1469 2473 1592 2534 tibi
1647 2472 1747 2533 do.
1829 2471 1936 2534 Ad
1990 2472 2125 2533 haec
2178 2470 2498 2534 Henricus

520 2580 720 2639 dixit:
753 2577 918 2659 Quid
934 2578 1167 2639 faciam
1189 2577 1267 2638 de
1288 2576 1606 2650 thesaurO,
1629 2578 1683 2637 si
1703 2575 1911 2637 locum
1934 2576 2350 2639 habitationis
2369 2598 2496 2638 non

519 2682 847 2744 habuero?
905 2681 1025 2744 Oui
1051 2689 1234 2762 pater
1259 2681 1602 2761 respondit.
1685 2678 2060 2762 Equanimis
2095 2690 2247 2756 est0,
2276 2682 2389 2757 fili,
2431 2692 2498 2745 et

519 2786 877 2849 confortare
897 2787 966 2846 in
987 2785 1278 2846 domino:
1320 2783 1581 2865 pacifice
1607 2792 1846 2865 patere,
1874 2793 1947 2845 ut
1974 2787 2243 2866 majores
2270 2786 2498 2848 fratres

522 2891 621 2951 tui
661 2889 1020 2969 praecedant
1064 2896 1149 2949 te.
1232 2887 1549 2949 Robertus
1596 2886 1860 2949 habebit
1902 2886 2389 2964 Normanniam,
2431 2897 2497 2951 et

525 2991 897 3054 Willelmus
924 2990 1251 3071 Angliam,
1280 2998 1351 3050 tu
1374 2998 1589 3051 autem
1617 2998 1902 3072 tempore
1928 2998 2041 3052 tuo
2067 3000 2275 3053 totum
2303 2993 2498 3055 hono-

525 3116 683 3169 rem,
738 3114 924 3176 quem
968 3114 1085 3175 ego
1126 3102 1351 3155 nactus
1394 3114 1551 3167 sum,
1592 3094 1877 3167 habebis,
1924 3103 1990 3156 et
2031 3093 2334 3157 fratribus
2372 3097 2500 3157 tuis

526 3198 770 3261 divitiis
814 3206 880 3257 et
905 3204 1221 3277 potestate
1260 3198 1606 3277 praestabis.
1688 3196 1816 3258 His
1862 3198 1956 3259 ita
1983 3198 2184 3271 dictis,
2213 3205 2501 3259 metuens

526 3322 656 3374 rex,
684 3321 764 3361 ne
794 3302 860 3359 in
889 3320 1083 3380 regno
1105 3308 1241 3360 tam
1270 3298 1495 3361 diffuso
1521 3302 1857 3381 repentina
1882 3302 2156 3363 oriretur
2182 3302 2498 3363 turbatio:

528 3403 864 3485 epistolam
913 3403 991 3464 de
1038 3403 1477 3465 constituendo
1503 3424 1652 3484 rege
1680 3403 1832 3465 fecit
1873 3402 2232 3465 Lanfranco
2260 3404 2500 3465 archie-

527 3510 718 3590 pisc0,
748 3528 981 3588 suoque
1022 3506 1231 3587 sigillo
1280 3507 1600 3588 signatam
1643 3508 1912 3568 tradidit
1952 3507 2287 3570 Willelmo
2331 3508 2500 3572 Rufo

530 3611 664 3673 filio
691 3632 802 3674 suo
827 3632 841 3672 ε
878 3612 1124 3691 jubenS,
1164 3619 1239 3672 ut
1266 3612 1332 3671 in
1362 3611 1674 3691 Angliam
1699 3611 2143 3673 transfretaret
2181 3614 2498 3675 continuO.

530 3713 779 3778 Deinde
801 3714 1114 3775 osculatus
1134 3734 1279 3774 eum
1307 3715 1652 3788 benedixit,
1673 3722 1740 3775 et
1767 3723 1943 3776 trans
1969 3722 2233 3797 pontum
2263 3716 2345 3777 ad
2372 3737 2500 3777 sus-

528 3818 890 3900 cipiendum
937 3816 1255 3878 Diadema
1280 3826 1694 3899 properanter
1732 3819 1982 3880 direxit.
2067 3818 2190 3900 Qui
2229 3840 2378 3881 mox
2417 3821 2502 3881 ad

529 3931 803 4004 portum,
822 3924 931 4003 qui
951 3920 1259 3984 Witsand
1275 3922 1525 3995 dicitur,
1544 3924 1854 4003 pervenit,
1875 3924 2088 4003 ibique
2097 3926 2234 4004 jam
2250 3931 2498 4005 patrem

530 4027 776 4089 audivit
801 4027 1049 4088 obiisse.
1090 4024 1407 4087 Henricus
1435 4033 1652 4087 autem
1679 4026 2008 4088 festinavit
2027 4028 2500 4089 denominatam

532 4131 655 4192 sibi
701 4130 1033 4211 pecuniam
1082 4130 1379 4210 recipere,
1407 4129 1749 4209 diligenter
1793 4150 1875 4191 ne
1903 4130 2055 4210 quid
2099 4131 2222 4192 sibi
2261 4131 2502 4192 deesset

532 4234 899 4314 ponderare,
926 4234 1425 4313 necessariosque
1452 4232 1713 4295 sodales.
1759 4233 1827 4293 in
1869 4234 2094 4314 quibus
2139 4233 2499 4307 confideret,
