3192 5050
712 557 833 621 104
1113 571 1328 620 semp.
1368 570 1613 619 RERUM
1653 568 2259 617 ensr.=w11.1.ELM1.
2303 570 2349 616 1.

791 716 885 778 At
895 716 1181 778 homines
1195 713 1478 777 malefidi
1495 712 1850 778 Galterium
1870 712 2317 775 Medantinum
2340 709 2675 781 Comitem,

709 820 812 880 cui
832 839 1007 881 soror
1033 817 1328 899 Hugonis
1353 825 1672 899 nupserat,
1700 825 2070 898 receperunt
2095 817 2450 880 invasorem
2469 814 2677 875 deser-

709 928 898 983 tores.
980 920 1332 1003 Indignans
1357 941 1509 1003 ergo
1535 920 1853 1002 repulsam
1880 918 2269 993 Willelmus,
2288 922 2433 999 jure
2458 915 2675 978 multi-

709 1025 860 1108 plici
913 1045 1304 1088 successurus
1357 1022 1739 1098 Hereberto,
1808 1044 1991 1085 arma
2041 1023 2380 1104 expedivit,
2448 1021 2677 1104 quibus

711 1129 1059 1210 requireret
1078 1128 1167 1189 sic
1187 1135 1516 1209 praerepta.
1600 1125 1669 1190 N
1669 1147 1775 1189 am
1802 1134 1869 1189 et
1883 1126 2037 1188 olim
2065 1126 2200 1207 egit
2217 1127 2334 1189 sub
2356 1123 2677 1187 Norman-

709 1249 936 1292 norum
983 1231 1214 1292 ducum
1261 1230 1502 1293 ditione
1551 1231 1728 1312 regio
1778 1227 2217 1292 cenomanica.
2302 1226 2676 1289 Incendium

709 1333 1044 1397 confestim
1087 1334 1365 1415 injicere,
1407 1342 1522 1396 aut
1563 1335 1787 1396 urbem
1834 1341 2038 1396 totam
2074 1333 2453 1405 exscindere,
2498 1352 2678 1393 ausos

709 1439 930 1520 iniqua
953 1438 1289 1511 trucidare,
1326 1446 1643 1519 quantum
1670 1438 1929 1518 ingenio
1954 1437 2304 1499 abundavit
2328 1444 2394 1497 et
2418 1436 2679 1509 viribus,

709 1542 1034 1623 potuisset.
1120 1540 1248 1603 Sed
1284 1541 1617 1603 hominum
1644 1540 1955 1621 sanguini,
1984 1559 2343 1621 quanquam
2368 1539 2680 1600 nocentis-

709 1645 888 1719 sim0,
915 1663 1171 1726 parcere
1196 1642 1426 1706 maluit
1452 1643 1640 1706 solita
1665 1643 1777 1706 illa
1811 1645 2254 1726 temperantia,
2281 1651 2348 1705 et
2371 1643 2682 1705 validissi-

709 1766 882 1810 mam
897 1748 1121 1809 urbem
1132 1746 1484 1829 relinquere
1500 1746 1900 1823 incolumem,
1918 1757 2107 1831 caput
2118 1757 2308 1830 atque
2324 1749 2681 1809 munimen-

710 1859 851 1913 tum
878 1859 1064 1914 terrae
1091 1870 1281 1933 quam
1309 1853 1376 1912 in
1403 1871 1599 1913 manu
1625 1852 1923 1914 habebat.
2006 1850 2165 1913 Haec
2192 1853 2407 1934 itaque
2446 1872 2681 1933 expug-

709 1956 908 2019 nandi
933 1956 1040 2019 via
1070 1955 1329 2038 placuit.
1414 1954 1669 2019 Crebris
1694 1956 2217 2037 expeditionibus,
2257 1964 2323 2018 et
2364 1956 2680 2017 diuturnis

710 2060 779 2119 in
819 2060 956 2141 ipso
980 2059 1302 2122 territorio
1327 2060 1775 2134 mansionibus,
1811 2067 2057 2121 metum
2083 2060 2400 2134 incutere3
2441 2060 2679 2133 vineas,

711 2184 915 2247 agrOS,
940 2164 1144 2239 villas,
1161 2172 1444 2237 vastar03
1484 2162 1627 2225 loca
1650 2164 1903 2225 munita
1917 2164 2399 2245 circumquaque
2417 2183 2639 2244 capere
2660 2184 2675 2236 ;

709 2268 1021 2349 praesidia,
1068 2268 1181 2330 ubi
1205 2288 1305 2330 res
1329 2267 1693 2350 postulavit,
1714 2268 2068 2348 imponere;
2109 2267 2377 2348 denique
2403 2266 2679 2348 plurima

711 2373 905 2435 turba
941 2392 1365 2434 aerumnarum
1407 2372 1795 2433 incessanter
1840 2369 2138 2452 affligere.
2222 2370 2383 2433 cnm
2419 2392 2499 2433 ea
2540 2371 2679 2452 geri

711 2476 1000 2539 viderent
1019 2474 1442 2550 Cenomanici,
1456 2495 1645 2557 quam
1666 2476 1840 2537 anxii
1854 2476 2207 2559 trepidique
2222 2475 2479 2550 fuerint,
2490 2495 2679 2557 quam

710 2579 1027 2660 cupierint
1041 2599 1199 2641 onus
1223 2577 1736 2640 molestissimum
1752 2597 1795 2641 a
1813 2580 2159 2642 cervicibus
2179 2580 2510 2661 depellere,
2530 2601 2680 2642 con-

707 2685 948 2763 jectare
965 2701 1156 2763 quam
1176 2683 1410 2743 referre
1429 2680 1679 2743 facilius
1699 2691 1813 2744 est.
1853 2682 2081 2746 Accito
2101 2684 2324 2764 saepius
2344 2682 2680 2758 GaufredO,

713 2804 900 2866 quem
936 2804 1160 2865 praeses
1185 2804 1403 2846 eorum
1434 2783 1753 2846 Gralterius
1787 2784 2114 2846 dominum
2153 2787 2276 2847 sibi
2303 2806 2378 2848 ac
2405 2796 2681 2850 tutorem

711 2886 1009 2970 praefecit,
1036 2887 1253 2968 praelio
1279 2888 1613 2949 decernere
1642 2888 1874 2949 minati
1893 2897 2042 2950 sunt
2065 2909 2537 2970 nonnunquam,
2571 2891 2681 2952 sed

711 2991 849 3052 ausi
873 3010 1216 3071 nunquam.
1325 2989 1707 3052 Perdomitis
1760 2991 2040 3066 tandem,
2082 2991 2354 3054 castellis
2386 2995 2525 3074 jam
2566 3014 2680 3074 per

713 3103 923 3157 totum
967 3093 1359 3156 comitatum
1391 3095 1687 3168 subactiS,
1734 3095 2010 3157 reddunt
2062 3096 2393 3158 civitatem
2440 3117 2677 3177 praeva-

712 3199 892 3262 lenti.
974 3197 1065 3260 Et
1091 3218 1277 3279 quem
1293 3197 1488 3280 longa
1507 3199 1916 3262 detinuerunt
1943 3199 2303 3273 rebellione,
2322 3200 2589 3282 supplici
2615 3209 2681 3262 et

713 3302 961 3383 ingenti
986 3302 1332 3383 suscipiunt
1349 3302 1609 3365 honore.
1695 3302 1993 3366 Studium
2012 3311 2109 3366 est
2134 3305 2414 3378 summiS,
2434 3305 2680 3379 mediis,

713 3405 968 3479 infimis,
985 3405 1234 3487 placare
1256 3404 1588 3468 infensum.
1657 3405 2029 3482 Occurrunt,
2056 3407 2337 3471 clamant
2355 3409 2681 3471 dominum

713 3529 915 3583 suum,
950 3509 1285 3591 procidunt
1329 3518 1395 3571 et
1425 3509 1816 3572 inclinantur
1854 3514 1988 3592 ejus
2029 3511 2370 3593 dignitati:
2430 3512 2682 3594 fingunt

713 3613 947 3674 hilares
960 3612 1191 3686 vultus,
1210 3612 1387 3675 laetas
1401 3633 1602 3688 voces,
1620 3614 1873 3696 plausus
1888 3615 2418 3696 congratulantes.
2482 3615 2681 3678 Fiunt

713 3717 968 3778 obviam
993 3715 1278 3778 faventes
1302 3715 1609 3778 laicorum
1636 3717 1864 3792 studio,
1880 3720 2204 3792 omnium,
2230 3727 2537 3800 quotquot
2562 3720 2681 3780 ibi-

713 3820 860 3881 dem
903 3826 1068 3892 sunt,
1115 3819 1518 3880 ecclesiarum
1544 3820 1796 3882 ordines
1835 3820 2131 3903 religiosi.
2216 3820 2482 3903 Templa
2515 3843 2682 3884 sum-

712 3941 987 4002 mopere,
1014 3922 1542 4002 quemadmodum
1556 3925 1997 4002 processiones,
2024 3925 2333 3987 adornata
2358 3924 2681 4018 effulgent,

714 4024 1002 4088 redolent
1009 4025 1452 4106 thymiamata,
1465 4035 1763 4088 resonant
1770 4029 2220 4090 sacracantica.
2249 4027 2502 4090 Victori
2512 4029 2680 4091 suffi-

712 4146 825 4188 ens
849 4146 1036 4206 poena
1061 4127 1184 4189 fuit
1209 4130 1596 4208 perdomitos
1622 4131 1691 4190 in
1712 4139 2091 4212 potestatem
2118 4151 2297 4194 suam
2325 4134 2585 4208 venisse,
2614 4143 2679 4196 et
