3192 5050
761 610 877 673 110
1153 626 1364 675 semp.
1392 627 1634 676 RERUM
1660 626 1849 677 ensr.
1878 630 2225 679 wrnnnnm
2254 633 2307 679 1.

759 752 961 834 minos
990 770 1058 833 N
1059 773 1398 835 ormanniae
1438 774 1901 855 aggrederetur,
1934 776 2303 838 denuntiare
2330 797 2455 839 non
2482 777 2701 839 formi-

755 876 954 939 daret.
1008 876 1277 939 Homini
1322 878 1578 941 acrioris
1614 887 1873 955 naturae,
1917 880 2171 943 fervidae
2220 883 2443 956 aetatis,
2482 884 2702 945 minis-

755 983 952 1045 travit
1003 982 1343 1063 plurimum
1396 982 1637 1046 fiduciae
1681 986 1856 1065 regio
1909 985 2095 1067 longe
2150 986 2399 1068 lateque
2453 986 2698 1061 diffusa,

755 1084 979 1161 milite,
1033 1087 1236 1169 magis
1287 1107 1476 1169 quam
1529 1088 1828 1150 credibile
1896 1088 1998 1163 sit,
2053 1088 2305 1151 referta.
2404 1089 2703 1153 Partibus

754 1191 1041 1271 equidem
1067 1193 1134 1253 111
1161 1192 1289 1256 11118
1311 1194 1494 1257 1111108
1519 1213 1681 1257 1111118
1714 1193 2172 1275 quinquaginta
2208 1202 2489 1275 generat,
2516 1196 2698 1257 sorti-

653 1330 658 1337 ·
753 1300 857 1355 tus
897 1315 1070 1358 more
1112 1296 1382 1360 barbam
1423 1298 1617 1360 denas
1662 1306 1775 1360 aut
1817 1297 2087 1379 amplius
2113 1316 2373 1359 uxores:
2408 1299 2574 1379 quod
2614 1299 2693 1360 de

754 1395 1002 1461 Mauris
1026 1402 1344 1463 veteribus
1367 1401 1659 1475 refertur,
1674 1401 1834 1483 legis
1850 1402 2077 1463 divinae
2096 1410 2285 1483 atque
2300 1403 2512 1484 pudici
2536 1404 2699 1465 ritus

751 1502 1006 1583 ignaris.
1068 1502 1174 1566 Ad
1192 1505 1312 1567 1100
1330 1506 1713 1587 populositas
1738 1506 1875 1587 ipsa
1895 1506 2087 1567 armis
2112 1513 2178 1567 et
2203 1506 2377 1587 equis
2400 1506 2696 1582 maxime,

750 1626 1042 1669 arvorum
1061 1607 1338 1683 culturae,
1358 1618 1468 1671 aut
1487 1630 1754 1683 morum,
1778 1610 2065 1684 minime,
2079 1610 2350 1671 student.
2431 1608 2693 1671 Uberri-

748 1728 855 1773 mo
908 1710 1089 1785 lacte,
1135 1713 1496 1793 parcissimo
1542 1732 1724 1793 pane,
1778 1732 1909 1775 sese
1960 1711 2340 1794 transigunt.
2421 1711 2692 1796 Pinguia

747 1811 979 1893 pabula
1002 1814 1276 1896 gignunt
1301 1817 1626 1898 pecoribus
1642 1816 1781 1879 loca
1799 1825 1978 1879 vasta
1996 1825 2063 1879 et
2081 1817 2277 1878 ferme
2294 1817 2503 1878 nescia
2520 1836 2691 1898 sege-

746 1925 904 1980 tum.
987 1916 1148 1981 Oum
1187 1928 1417 1981 vacant
1441 1938 1482 1982 a
1506 1919 1691 1995 bello,
1730 1921 1984 2002 rapinis,
2024 1919 2385 1995 latrociniis,
2424 1920 2695 1982 caedibus

745 2021 1103 2085 domesticis
1128 2023 1402 2099 aluntur,
1430 2026 1560 2087 sive
1582 2032 1965 2086 exercentur.
2048 2022 2276 2086 Praelia
2299 2044 2443 2086 cum
2469 2024 2690 2085 arden-

749 2126 803 2188 ti
830 2126 1158 2190 alacritate
1184 2128 1406 2190 ineunt
1429 2148 1445 2203 ;
1471 2129 1624 2189 dum
1651 2127 2033 2209 praeliantur,
2060 2127 2383 2189 furibundi
2409 2128 2689 2189 saeviunt.

745 2228 992 2293 Pellere
1038 2232 1226 2307 soliti,
1269 2232 1522 2296 difficile
1569 2234 1817 2295 cedunt.
1897 2230 2188 2293 Victoria
2230 2239 2297 2293 et
2320 2231 2505 2293 laude
2532 2252 2688 2313 pug-

717 2332 953 2397 ‘nando
978 2344 1164 2414 parta
1187 2338 1454 2398 nimium
1481 2336 1778 2399 laetantur
1814 2344 2004 2417 atque
2027 2333 2455 2397 extolluntur:
2496 2336 2687 2397 inter-

743 2447 1096 2521 emptorum
1115 2440 1314 2522 spolia
1332 2440 1622 2523 diripere,
1641 2448 1715 2501 ut
1740 2458 1893 2521 opus
1912 2440 2203 2500 decorum
2222 2437 2687 2520 voluptuosum-

743 2566 883 2626 que,
927 2555 1162 2608 amant.
1245 2539 1453 2609 Nihili
1497 2547 1775 2628 pendens
1817 2542 2287 2607 terribilitatem
2338 2544 2502 2606 hanc
2536 2543 2686 2606 Dux

743 2648 1126 2720 willelmus,
1163 2651 1230 2710 in
1278 2670 1462 2731 quem
1505 2651 1673 2712 diem
1711 2648 2050 2711 adventum
2108 2646 2350 2710 Oonani
2395 2648 2686 2709 meminit

741 2753 1204 2828 denuntiatum,
1221 2775 1296 2816 eo
1312 2756 1444 2837 ipse
1462 2754 1635 2816 intra
1650 2753 1808 2815 fines
1824 2756 1959 2834 ejus
1974 2753 2262 2815 occurrit.
2344 2750 2483 2825 Ille,
2510 2751 2684 2832 quasi

740 2856 1024 2920 fulminis
1061 2859 1276 2932 ictum,
1303 2858 1584 2938 proxime
1614 2857 2051 2918 imminentem
2078 2856 2403 2929 extimens,
2442 2855 2509 2915 in
2550 2854 2687 2916 loca

739 2969 1210 3043 propugnatura.
1255 2962 1620 3022 citissimam
1671 2959 1888 3046 fugam
1930 2960 2228 3033 instituit,
2271 2959 2458 3020 castri
2501 2966 2687 3020 terrae

737 3083 866 3128 suae
890 3063 1042 3128 Deli
1082 3065 1552 3148 oppugnatione
1579 3064 1825 3126 omissa.
1908 3061 1987 3124 Id
2028 3063 2199 3124 enim
2224 3061 2442 3124 rebelli
2468 3063 2686 3125 adver-

737 3187 898 3245 sum,
918 3173 1102 3251 justae
1121 3187 1320 3231 causae
1347 3165 1544 3229 fidum
1568 3167 1797 3230 stabat.
1870 3165 2103 3228 Sistere
2128 3173 2337 3227 tentat
2359 3163 2683 3228 Conanum

735 3274 929 3337 castri
969 3291 1194 3356 praeses
1219 3270 1502 3346 Ruallus,
1549 3278 1802 3333 revocat
1836 3269 2123 3343 illudens,
2149 3269 2383 3331 morari
2422 3268 2681 3330 biduum

737 3386 1050 3461 precatur,
1079 3375 1389 3440 sufficiens
1411 3376 1559 3437 huic
1585 3394 1779 3436 morse
1804 3374 2181 3456 stipendium
2208 3373 2290 3435 ab
2316 3374 2451 3455 ipso
2476 3393 2682 3453 sump-

739 3491 973 3546 turum.
1053 3481 1270 3546 Homo
1296 3480 1521 3542 misere
1549 3479 1901 3552 exterritus,
1940 3498 2233 3560 pavorem
2258 3478 2467 3559 potius
2506 3477 2682 3538 audi·
2784 3496 2794 3504 ·

738 3608 870 3665 ens,
915 3605 1098 3650 cursu
1126 3587 1420 3649 instituto
1444 3584 1693 3665 longius
1718 3582 2016 3665 profugit.
2095 3580 2339 3652 Ductor
2362 3581 2681 3655 terribilis,

735 3695 846 3776 qui
887 3693 1146 3775 depulit,
1171 3691 1438 3753 instaret
1463 3688 1784 3770 fugitanti,
1809 3687 1879 3748 ni
1905 3686 2305 3748 manifestum
2330 3687 2677 3766 periculum

733 3798 1266 3862 animadverteret
1290 3815 1476 3876 agere
1510 3791 1784 3853 militem
1818 3811 2215 3852 numerosum
2243 3811 2356 3872 per
2391 3792 2678 3871 regiones

734 3909 959 3974 vastas,
986 3899 1322 3972 famelicas,
1350 3899 1617 3978 ignotas.
1702 3893 1774 3956 Si
1802 3895 1952 3976 quid
1978 3895 2290 3956 residuum
2330 3903 2467 3956 erat
2502 3895 2673 3976 inopi

733 4013 918 4066 terrae
943 4024 1022 4064 ex
1047 4003 1148 4064 his
1175 4021 1310 4084 quae
1337 4009 1491 4063 nata
1516 3999 1767 4061 fuerant
1792 4019 1958 4061 311110
1978 3999 2308 4080 superiore,
2334 3999 2401 4058 id
2426 3999 2493 4059 in
2520 3999 2679 4061 tutis
2710 4062 2713 4066 ,

733 4109 886 4172 10018
912 4107 1128 4170 incolae
1155 4128 1296 4168 cum
1317 4106 1641 4188 pecoribus
1660 4103 2049 4166 abdiderant.
2134 4101 2403 4165 Stabant
2428 4104 2493 4162 in
2522 4105 2675 4166 aris-

732 4217 816 4276 tis
843 4213 1052 4294 fruges
1077 4213 1448 4273 immaturae.
1532 4207 1744 4289 Igitur
1778 4229 1859 4269 110
1884 4207 2187 4288 sacrilega
2210 4208 2421 4288 praeda
2445 4208 2671 4291 diripe—

732 4328 874 4382 rent
927 4315 1007 4398 (si
1063 4336 1186 4398 qua
1236 4311 1609 4397 reperirent)
1662 4312 2059 4375 ecclesiarum
2113 4313 2297 4384 bona,
2350 4320 2673 4376 menstrua
