3192 5050
703 585 823 649 134
1101 602 1314 650 semp.
1343 602 1586 651 RERUM
1612 603 1802 652 eEs'r.
1833 604 2184 657 WILLELM1
2213 610 2260 657 1.

703 746 1052 809 Dominum
1069 767 1250 809 suum
1271 748 1582 809 cecidisse.
1666 748 1815 811 Non
1836 770 1987 833 ergo
2006 753 2195 815 nimis
2212 756 2507 838 pudenda
2520 760 2679 842 fuga

701 852 970 927 cessere3
997 854 1259 914 minime
1285 873 1433 915 vero
1454 853 1739 929 dolenda,
1768 876 1910 916 cum
1937 856 2278 939 plurimum
2299 863 2555 941 juverit.

786 956 1086 1039 Princeps
1111 978 1382 1039 namque
1410 960 1790 1040 prospiciens
1817 960 2083 1049 multam
2126 975 2368 1045 partem
2401 969 2675 1032 adversae

702 1063 990 1124 stationis
1009 1062 1384 1144 prosiluisse,
1405 1070 1471 1125 et
1490 1064 1735 1143 insequi
1753 1072 1937 1143 terga
1954 1086 2205 1127 suorum
2228 1090 2244 1141 ;
2286 1070 2675 1152 fugientibus

696 1168 968 1230 occurrit
1009 1177 1076 1228 et
1116 1168 1383 1241 obstitit,
1427 1169 1767 1230 verberans
1806 1178 1918 1231 aut
1958 1172 2207 1233 minans
2245 1174 2448 1239 hasta.
2532 1177 2601 1241 N
2602 1202 2672 1241 u-

698 1272 848 1334 dato
873 1273 1126 1353 insuper
1148 1273 1353 1353 capite
1381 1272 1786 1354 detractaque
1822 1273 2007 1355 galea
2033 1277 2425 1353 exclamans3
2481 1288 2516 1316 “
2539 1283 2671 1357 Me,

697 1378 923 1459 inquit,
949 1378 1421 1461 circumspicite.
1502 1376 1695 1451 Vivo,
1730 1386 1796 1439 et
1833 1380 2101 1455 vincam,
2129 1383 2481 1463 opitulante
2510 1386 2668 1450 Deo,

700 1467 850 1563 Quae
876 1483 1054 1544 vobis
1079 1482 1400 1543 dementia
1424 1480 1642 1563 fugam
1682 1484 1939 1546 suadet?
1988 1505 2123 1566 quae
2161 1488 2269 1549 via
2308 1492 2554 1570 patebit
2584 1493 2668 1554 ad

694 1586 1160 1669 effugiendum'}
1211 1586 1376 1667 Quos
1395 1594 1468 1647 ut
1493 1607 1718 1667 pecora
1736 1597 2014 1651 mactare
2041 1593 2319 1671 potestiS,
2347 1594 2669 1676 depellunt

692 1714 804 1755 vos
843 1703 909 1755 et
953 1693 1263 1755 occidunt.
1342 1690 1701 1753 Victoriam
1727 1693 2032 1768 deseritis,
2060 1716 2133 1757 ac
2160 1707 2531 1779 perpetuum
2557 1703 2668 1764 ho·-

691 1818 944 1861 norem:
998 1798 1065 1858 in
1092 1798 1355 1858 exitium
1397 1797 1667 1871 curritis,
1707 1817 1781 1858 ac
1825 1807 2197 1880 perpetuum
2240 1806 2663 1885 opprobrium.

693 1904 1020 1977 Abeundo,
1057 1910 1326 1964 mortem
1365 1901 1574 1963 nullus
1619 1910 1897 1963 vestrum
1934 1902 2217 1969 evadet.”
2299 1906 2425 1970 His
2460 1911 2663 1985 dictis,

689 2017 1057 2092 receperunt
1103 2009 1384 2069 animos..
1472 2005 1725 2067 Primus
1776 2008 1909 2089 ipse
1962 2012 2275 2090 procurrit
2320 2012 2663 2079 fulminans

687 2137 853 2189 ense,
881 2115 1108 2177 stravit
1132 2113 1459 2175 adversam
1487 2120 1763 2194 gentem,
1790 2132 1925 2193 quae
1952 2115 2091 2187 sibi,
2125 2117 2263 2197 regi
2304 2138 2435 2193 suo,
2463 2121 2661 2183 rebel-

686 2223 825 2285 lans
889 2220 1261 2282 commeruit
1324 2226 1615 2279 mortem.
1716 2216 2110 2280 Exardentes
2164 2218 2541 2298 Normanni,
2597 2234 2663 2287 et

685 2325 1242 2389 circumvenientes
1300 2322 1505 2383 millia
1563 2321 1805 2403 aliquot
1858 2323 2139 2385 insecuta
2190 2345 2274 2399 se,
2340 2337 2663 2391 momento

684 2432 1050 2495 deleverunt
1070 2450 1164 2503 ea,
1191 2436 1265 2489 ut
1284 2449 1363 2489 ne
1391 2428 1645 2509 quidem
1673 2448 1833 2489 unus
1859 2437 2219 2509 superesset.
2305 2429 2411 2493 Ita
2436 2433 2659 2494 confir-

684 2538 844 2598 mati
899 2534 1351 2607 vehementiuS,
1398 2534 1863 2594 immanitatem
1904 2535 2213 2596 exercitus
2258 2536 2657 2600 invaserunt:

683 2645 809 2725 qui,
835 2642 1182 2702 maximum
1210 2639 1660 2699 detrimentum
1681 2658 1911 2716 passus,
1932 2659 2057 2700 non
2078 2640 2412 2702 videbatur
2429 2644 2656 2706 minor.

681 2745 881 2826 Angli
906 2743 1292 2806 confidenter
1316 2742 1469 2804 totis
1494 2742 1735 2803 viribus
1759 2744 2227 2823 oppugnabant,
2271 2746 2338 2806 id
2379 2748 2653 2810 maxime

679 2850 1056 2922 laboranteS,
1095 2867 1175 2908 ne
1215 2866 1400 2927 quem
1441 2845 1687 2906 aditum
1731 2847 2077 2928 irrumpere
2118 2848 2473 2912 volentibus
2509 2871 2653 2933 ape-

679 2956 896 3016 rirent.
982 2950 1080 3014 Ob
1119 2951 1384 3012 nimiam
1427 2950 1807 3012 densitatem
1844 2970 2062 3012 eorum
2102 2951 2235 3014 labi
2280 2953 2390 3015 vix
2435 2963 2651 3036 potue-

676 3066 828 3120 runt
862 3056 1246 3138 interempti.
1325 3053 1681 3116 Patuerunt
1704 3063 1919 3117 tamen
1942 3055 2007 3116 in
2036 3077 2139 3118 eos
2158 3058 2277 3120 viae
2303 3059 2513 3121 incisae
2538 3083 2651 3142 per

676 3166 953 3226 diversas
1009 3169 1221 3245 partes
1260 3160 1744 3222 fortissimorum
1788 3160 2069 3222 militum
2124 3161 2309 3224 ferro.
2394 3163 2650 3228 Instite-

673 3281 823 3334 runt
862 3271 952 3332 eis
994 3268 1416 3341 Cenomanici,
1463 3265 1892 3349 Francigenae,
1948 3267 2262 3343 Britanni,
2317 3271 2645 3352 Aquitani,

673 3378 782 3440 sed
807 3398 949 3438 cum
974 3376 1287 3458 praecipua
1310 3374 1546 3435 virtute
1575 3371 1985 3435 Normanni.'

755 3480 924 3563 Tyro
950 3481 1206 3562 quidam
1238 3477 1647 3540 Normannus
1674 3476 2005 3552 RobertuS,
2036 3478 2295 3562 Rogerii
2334 3479 2411 3542 de
2440 3480 2647 3543 Bello-

669 3596 885 3650 monte
913 3585 1098 3659 filius,
1143 3583 1438 3664 Hugonis
1480 3582 1559 3643 de
1601 3581 1914 3645 Mellento
1962 3582 2229 3646 Comitis
2270 3606 2348 3646 ex
2373 3585 2649 3647 Adelina

669 3712 878 3756 sorore
904 3710 1096 3772 nepos
1121 3697 1187 3750 et
1213 3688 1426 3761 haeres,
1452 3686 1738 3767 praelium
1764 3687 1875 3749 illo
1903 3687 2005 3748 die
2026 3689 2300 3771 primum
2320 3691 2643 3772 experiens

667 3799 802 3879 egit
841 3795 1007 3877 quod
1031 3792 1460 3855 aeternandum
1502 3799 1665 3852 esset
1702 3791 1923 3854 laude:
1963 3814 2105 3855 cum
2147 3793 2410 3876 legione,
2450 3814 2639 3876 quam

668 3903 736 3964 in
782 3902 1002 3962 dextro
1029 3918 1223 3960 cornu
1248 3897 1449 3970 duxit,
1494 3896 1738 3958 irruens
1782 3915 1855 3958 ac
1898 3905 2180 3960 sternens
2221 3919 2455 3980 magna
2496 3920 2639 3960 cum

663 4005 946 4068 audacia.
1028 4001 1179 4064 Non
1206 4009 1302 4062 est
1327 4009 1555 4063 nostrae
1581 3999 1922 4076 facultatiS,
1949 4023 2063 4064 nec
2091 4004 2406 4085 permittit
2433 4004 2639 4064 inten-

663 4112 756 4172 tio
795 4117 1030 4182 nostra,
1057 4105 1445 4188 singulorum
1485 4105 1683 4167 fortia
1720 4105 1889 4168 facta
1928 4128 2042 4188 pro
2088 4109 2318 4169 merito
2358 4125 2637 4170 narrare.

665 4213 863 4296 Copia
887 4211 1135 4272 dicendi
1162 4209 1643 4284 valentissimus,
1684 4211 1791 4292 qui
1816 4210 2052 4272 bellum
2094 4211 2254 4272 illud
2288 4214 2417 4273 suis
2440 4210 2639 4275 oculis

655 4318 965 4391 didicerit,
993 4314 1358 4376 difficillime
1398 4313 1648 4394 singula
1681 4334 1935 4396 quaeque
1960 4325 2448 4397 persequeretur.
2530 4318 2637 4382 Ab

3166 2807 3181 2880 —A
