3192 5050
715 628 833 691 130
1045 672 1049 675 -
1093 644 1307 691 scnrr.
1349 638 1592 689 RERUM
1633 642 1823 690 ens'r.
1866 642 2217 693 WILLELMI
2250 647 2295 692 1.

718 790 884 852 Sane
919 808 1118 871 neque
1161 788 1227 848 id
1253 788 1485 869 absque
1521 806 1775 849 suorum
1806 786 2201 869 Optimatum
2228 810 2545 867 consensu,
2571 805 2676 855 ve‘-

711 916 852 956 rum
899 894 1158 956 consilio
1203 892 1497 975 Stigandi
1531 892 2023 975 Archiepiscopi,
2066 892 2355 957 Godwini
2394 896 2679 972 Comitis,

713 998 964 1063 Leurici
993 998 1274 1072 Comitis,
1320 995 1573 1079 Sigardi
1603 994 1887 1071 Comitis,
1927 998 2036 1079 qui
2056 999 2249 1060 etiam
2271 1003 2679 1083 jurejurando

712 1108 838 1168 suis
863 1105 1156 1190 manibus
1177 1091 1729 1175 confirmaverunt,
1769 1103 1935 1183 quod
1973 1112 2113 1184 post
2148 1103 2444 1168 Edwardi
2471 1108 2677 1169 deces-

711 1232 848 1273 sum
875 1230 978 1271 me
1003 1209 1353 1290 reciperent
1387 1208 1733 1280 dominum,
1772 1226 1889 1268 nec
1922 1207 2236 1270 ullatenus
2277 1218 2566 1291 peterent
2606 1212 2675 1272 in

711 1316 847 1379 vita
898 1314 1068 1376 illius
1118 1312 1391 1394 patriam
1436 1311 1601 1373 hanc
1643 1310 1771 1373 ullo
1814 1311 2265 1393 impedimento
2306 1323 2528 1377 contra
2570 1336 2675 1377 me

709 1419 1018 1501 occupari.
1077 1414 1337 1478 Obsides
1355 1414 1515 1475 mihi
1534 1415 1711 1475 dedit
1734 1412 2023 1477 Godwini
2042 1415 2244 1477 filium
2272 1437 2347 1479 ac
2360 1427 2672 1499 nepotem.

713 1523 1038 1586 Postremo
1065 1518 1421 1581 Heraldum
1447 1519 1653 1599 ipsum
1696 1520 1763 1579 in
1814 1517 2276 1582 Normanniam
2303 1524 2672 1597 transmisit,

708 1635 782 1690 ut
820 1626 985 1708 qnod
1026 1633 1207 1707 pater
1231 1626 1363 1704 ejus
1389 1631 1578 1704 atque
1606 1623 1816 1684 caeteri
1856 1627 2357 1705 supranominati
2383 1628 2487 1689 hic
2513 1629 2673 1690 mihi

702 1734 993 1814 juravere
1013 1728 1278 1801 absenti,
1301 1728 1354 1787 is
1373 1727 1464 1788 ibi
1483 1746 1751 1807 praesens
1763 1730 2008 1808 juraret
2022 1732 2342 1809 praesenti3
2376 1730 2496 1813 Qui
2522 1733 2673 1793 dum

707 1841 999 1917 pergeret
1025 1833 1108 1894 ad
1132 1852 1253 1905 me,
1280 1832 1348 1891 in
1374 1830 1719 1912 periculum
1746 1833 2053 1913 captionis
2073 1834 2315 1909 incidit,
2342 1837 2507 1897 unde
2532 1857 2675 1898 mea

709 1960 854 2003 eum
880 1938 1214 2021 prudentia
1238 1956 1309 1998 ac
1337 1936 1707 1997 fortitudine
1736 1936 1956 2017 eripui.
2042 1936 2124 2000 Se
2144 1940 2304 2001 mihi
2324 1962 2436 2022 per
2452 1961 2676 2003 manus

707 2066 849 2107 suas
875 2044 1067 2117 dedit,
1107 2062 1220 2103 sua
1239 2060 1430 2102 manu
1467 2041 1866 2101 securitatem
1894 2042 2055 2102 mihi
2081 2043 2159 2105 de
2186 2064 2381 2125 regno
2400 2045 2674 2128 Anglico

707 2149 1004 2211 firmavit.
1084 2145 1321 2207 Praesto
1347 2164 1464 2226 ego
1507 2164 1645 2205 sum
1690 2145 1773 2206 ad
1812 2146 2127 2227 agendum
2165 2168 2417 2211 causam
2456 2159 2675 2213 contra

707 2256 886 2318 illum
913 2255 980 2315 in
1002 2252 1257 2334 judicio,
1297 2252 1427 2312 sive
1454 2249 1663 2332 placet
1688 2250 1784 2311 illi
1797 2254 1983 2331 juxta
2007 2255 2109 2331 jus
2138 2250 2671 2328 Normannorum‚

707 2362 837 2423 sive
864 2359 1072 2441 potius
1091 2356 1465 2439 Anglorum.
1551 2355 1623 2417 Si
1642 2355 1980 2417 secundum
1999 2358 2314 2437 aequitatis
2338 2360 2673 2422 veritatem

705 2464 1096 2527 decreverint
1124 2460 1480 2523 Normanni
1523 2469 1636 2522 aut
1678 2460 1895 2543 Angli,
1937 2461 2102 2542 quod
2129 2461 2235 2523 ille
2263 2482 2527 2545 regnum
2554 2465 2672 2528 hoc

701 2577 842 2654 jure
863 2573 1090 2634 debeat
1114 2571 1445 2652 possidere,
1483 2591 1627 2632 cum
1653 2591 1806 2652 pace
1842 2572 2171 2653 possideat.
2240 2569 2310 2633 Si
2336 2591 2487 2633 vero
2512 2571 2673 2632 mihi

701 2677 962 2758 justitiae
992 2676 1206 2737 debito
1232 2674 1621 2735 reddendum
1648 2695 1779 2736 esse
1805 2677 2248 2749 consenserint,
2270 2675 2432 2736 mihi
2458 2675 2672 2735 dimit·-

704 2789 822 2844 tat.
903 2781 998 2843 At
1037 2780 1091 2841 si
1163 2778 1585 2840 conditionem
1653 2779 1815 2840 hanc
1856 2781 2296 2861 repudiaverit,
2336 2799 2462 2840 non
2515 2777 2674 2840 duco

699 2889 938 2967 justum
965 2890 1038 2944 ut
1063 2882 1348 2943 homines
1373 2883 1502 2944 mei
1526 2882 1629 2944 vel
1665 2884 1761 2944 sui
1786 2885 2119 2945 concidant
2136 2883 2495 2966 praeliando,
2523 2902 2672 2963 quo-

705 3009 845 3050 rum
865 2989 933 3048 in
959 2987 1074 3048 lite
1099 2993 1315 3048 nostra
1332 2985 1517 3068 culpa
1535 2987 1712 3050 nulla
1738 2996 1853 3050 est.
1934 2987 2098 3051 Ecce
2117 2996 2376 3070 paratus
2394 3008 2513 3068 ego
2531 3009 2669 3048 sum

702 3094 907 3175 capite
934 3113 1074 3156 meo
1100 3099 1322 3153 contra
1346 3099 1537 3172 caput
1555 3091 1726 3154 illius
1752 3113 2043 3166 asserere,
2083 3093 2249 3174 quod
2274 3092 2437 3153 mihi
2462 3093 2670 3173 potius

703 3205 892 3280 quam
909 3195 1004 3257 ffli
1023 3198 1166 3278 jure
1192 3195 1376 3257 cedat
1401 3215 1666 3278 regnum
1695 3194 2093 3279 Anglicum.”

764 3301 955 3364 Hanc
971 3302 1304 3364 verborum
1321 3298 1518 3363 Ducis
1533 3301 1873 3383 diligenter
1886 3309 2271 3382 compertam
2292 3300 2669 3362 sententiam

702 3408 907 3488 magis
934 3426 1120 3489 quam
1142 3407 1448 3468 dictatum
1476 3414 1759 3468 nostrum
1788 3406 1854 3466 in
1880 3405 2089 3468 oculos
2114 3405 2526 3488 plurimorum
2566 3424 2671 3465 ve-

699 3512 838 3572 nire
857 3510 1161 3584 volumuS,
1203 3511 1351 3591 quia
1385 3509 1798 3592 plurimorum
1826 3519 2124 3592 perpetuo
2149 3509 2363 3571 favore
2390 3529 2535 3569 eum
2564 3508 2669 3570 de-

701 3616 1044 3677 sideramus
1089 3613 1354 3675 laudari.
1439 3613 1710 3676 Pulchre
1754 3614 2085 3695 colligetur
2132 3621 2198 3675 et
2244 3634 2321 3674 ex
2370 3633 2463 3686 ea,
2505 3613 2671 3693 quod

700 3741 846 3783 vere
871 3719 1161 3802 prudens,
1192 3721 1418 3800 justuS,
1444 3721 1601 3800 pius„
1629 3740 1703 3781 ac
1729 3718 1912 3781 fortis
1937 3719 2238 3780 extiterit.
2321 3716 2668 3778 Rationum

700 3845 969 3907 namque
1005 3825 1202 3906 copia,
1243 3824 1404 3884 sicut
1442 3823 1643 3904 liquet
1684 3832 1949 3898 attento,
1990 3844 2145 3906 quas
2185 3821 2505 3883 infirmare
2551 3841 2668 3881 nec

699 3931 939 3993 valeret
993 3929 1365 4011 eloquentiae
1409 3927 1713 3990 Romanae
1754 3929 2066 3990 maximus
2122 3927 2351 3989 author
2406 3924 2669 3998 Tullius,

698 4034 967 4097 Heraldi
1009 4034 1319 4096 rationem
1373 4033 1698 4094 destruxit.
1796 4031 2086 4115 Denique
2135 4033 2460 4113 judicium,
2502 4030 2669 4112 quod

692 4145 840 4223 jura
879 4138 1164 4219 gentium
1213 4135 1567 4211 definirent,
1616 4138 1895 4219 accipere
1948 4145 2173 4219 praesto
2225 4135 2383 4197 fuit:
2426 4134 2669 4216 Anglos

699 4245 984 4306 inimicos
1007 4241 1171 4303 mori
1198 4242 1279 4303 ob
1306 4241 1486 4303 litem
1516 4261 1694 4303 suam
1720 4241 1925 4303 noluit
1947 4263 1962 4315 ;
1992 4241 2296 4322 singulari
2324 4240 2667 4302 certamine

697 4349 948 4432 proprio
972 4346 1182 4428 capite
1192 4365 1445 4407 causam
1467 4345 1887 4408 determinare
1909 4345 2127 4409 voluit.
2198 4343 2295 4408 Ut
2322 4365 2471 4426 ergo
2487 4364 2666 4405 man-

3170 2751 3183 2892 Δ--αΔᾹμ-
