3192 5050
796 665 1014 713 ensTA
1057 659 1406 712 w1LLELM1
1445 664 1651 711 nvem
1690 659 2238 711 NORMANNORUM.
2392 644 2513 709 145

555 812 726 873 enim
767 808 923 873 adeo
947 817 1201 891 gratum
1229 810 1538 891 acciperet
1563 809 1857 891 quicquid
1897 808 2141 871 Arabia
2178 807 2508 891 pulchrum

557 925 670 978 aut
717 936 904 979 suave
959 914 1192 977 donare
1246 922 1469 997 posset.
1573 912 1806 975 Nullus
1859 933 2135 995 unquam
2186 912 2398 973 illuxit
2450 912 2511 973 ei

558 1020 690 1081 dies
735 1019 955 1093 laetior,
1004 1038 1193 1100 quam
1220 1039 1364 1080 cum
1404 1025 1576 1079 certo
1604 1017 1854 1079 rescivit
1902 1015 2259 1097 Principem
2308 1036 2511 1090 suum,

559 1132 879 1186 auctorem
897 1124 992 1185 sui
1018 1122 1218 1204 quieti
1245 1130 1462 1196 status,
1481 1119 1724 1203 Regem
1751 1141 1899 1183 esse.
1981 1119 2208 1195 UrbeS,
2234 1120 2509 1195 castella,

557 1226 743 1301 villae,
772 1224 1179 1299 Monasteria,
1216 1225 1487 1287 multum
1515 1246 1630 1307 pro
1656 1225 1911 1297 victore,
1951 1224 2225 1285 maxime
2250 1244 2511 1305 congra-

559 1330 934 1392 tulabuntur
959 1351 1072 1411 pro
1099 1337 1423 1411 regnante.
1506 1326 1648 1391 Lux
1675 1328 1959 1409 quaedam
1987 1327 2253 1391 insolitae
2280 1329 2510 1390 sereni-

559 1434 712 1495 tatis
736 1434 859 1496 toti
885 1434 1220 1515 provinciae
1246 1434 1454 1495 subito
1481 1440 1701 1494 exorta
1725 1432 2074 1494 videbatur.
2168 1430 2336 1513 Quae,
2362 1431 2513 1493 licet

559 1539 928 1600 destitutam
949 1558 1014 1600 se
1029 1545 1283 1619 putaret
1309 1538 1628 1599 communi
1642 1543 1841 1619 patre,
1862 1537 2013 1597 dum
2033 1539 2167 1617 ejus
2180 1537 2513 1619 praesentia

560 1650 819 1715 careret,
860 1643 948 1703 sic
974 1649 1190 1704 tamen
1218 1642 1431 1703 abesse
1469 1640 1723 1703 volebat
1749 1662 1913 1715 eum,
1938 1640 2142 1721 magi‘s
2169 1648 2240 1701 ut
2266 1660 2513 1703 summa

559 1746 846 1827 potentia
890 1746 1022 1828 ipse
1054 1752 1354 1819 uteretur,
1391 1765 1578 1827 quam
1622 1753 1696 1806 ut
1726 1744 1847 1806 sibi
1873 1743 2160 1825 praesidio
2198 1743 2361 1805 foret
2399 1752 2513 1805 aut

563 1850 770 1911 decori
795 1849 1063 1931 amplius
1100 1856 1340 1931 potens.
1425 1847 1701 1911 Tantum
1728 1867 1998 1928 namque
2025 1848 2317 1929 cupiebat
2345 1845 2413 1909 N
2412 1868 2512 1908 or-

562 1955 820 2015 mannia
837 1954 1005 2015 illius
1031 1956 1445 2035 majestatem,
1474 1973 1662 2035 quam
1684 1953 1791 2014 ille
1810 1950 2139 2013 Normann
2146 1953 2221 2012 iae
2237 1972 2509 2013 commo-

563 2059 646 2120 da
689 2060 818 2121 sive
864 2059 1184 2121 honorem.
1267 2057 1561 2121 Profectu
1606 2058 1866 2118 dubium
1894 2063 2033 2117 erat
2075 2054 2255 2115 illum
2282 2057 2509 2136 patria,

560 2183 643 2225 an
663 2164 936 2244 patriam
952 2162 1079 2238 ille,
1095 2162 1234 2244 plus
1253 2163 1563 2243 diligeret,
1580 2161 1851 2243 qualiter
1869 2167 1962 2221 est
1981 2159 2133 2221 olim
2150 2160 2507 2222 dubitatum

563 2265 640 2327 de
671 2264 910 2328 Caesare
937 2265 1228 2347 Augusto
1254 2275 1320 2328 et
1347 2265 1589 2347 Populo
1618 2263 1923 2327 Romana

640 2369 973 2451 Diligeres,
1027 2390 1100 2432 ac
1151 2371 1416 2433 maximi
1465 2370 1729 2431 haberes
1780 2388 1925 2429 eum
1979 2376 2045 2429 et
2091 2376 2182 2442 tu,
2236 2367 2511 2449 Anglica

561 2482 750 2551 terra,
801 2483 1124 2558 totamque
1177 2484 1242 2538 te
1295 2477 1428 2558 ejus
1472 2474 1735 2557 pedibus
1776 2473 1923 2536 laeta
1963 2481 2401 2556 prosternereS,
2456 2474 2510 2537 si

563 2582 803 2643 abesset
856 2582 1282 2663 imprudentia
1331 2589 1518 2662 atque
1566 2580 1865 2660 iniquitas
1912 2588 2043 2654 tua,
2090 2599 2211 2660 quo
2250 2578 2508 2640 meliore

561 2685 816 2747 consilio
843 2685 1182 2767 dijudicare
1223 2705 1430 2767 posses
1457 2685 1524 2744 in
1551 2683 1754 2765 qualis
1772 2683 1895 2745 viri
1920 2691 2297 2765 potestatem
2325 2683 2507 2745 deve-

560 2789 743 2849 neris.
853 2786 1266 2870 Praejudicare
1318 2788 1469 2863 noli,
1523 2787 1901 2870 dignitatem
1955 2789 2089 2867 ejus
2143 2786 2509 2868 diligentius

559 2913 892 2974 cognosce3
934 2901 1017 2967 et,
1046 2901 1351 2976 quotquot
1376 2893 1641 2975 exegisti
1668 2891 1992 2966 DominOS,
2032 2893 2210 2974 parvi
2249 2892 2510 2954 habebis

559 3018 702 3060 cum
728 3018 802 3060 eo
827 3007 1236 3080 comparato&
1317 2997 1474 3079 Ejus
1489 2998 1835 3061 honestatis
1854 2996 2250 3076 pulchritudo
2266 2999 2507 3079 optimo

559 3110 623 3163 te
651 3102 856 3165 colore
882 3102 1219 3165 decorabit.
1302 3101 1546 3164 Didicit
1571 3123 1686 3184 per
1709 3101 1989 3182 legatum
2016 3105 2197 3163 suum
2212 3101 2507 3164 valentis-

558 3208 751 3268 simus
801 3208 902 3270 vir
953 3205 1092 3269 Rex
1143 3205 1439 3288 Pyrrhus,
1492 3205 1653 3268 tales
1704 3205 1853 3278 fere,
1907 3205 2107 3287 qualis
2159 3214 2297 3267 erat
2354 3207 2505 3287 ipse,

559 3311 832 3374 Romam
883 3312 1114 3374 habere
1161 3320 1431 3373 cunctos.
1514 3309 1641 3371 Illa
1692 3310 1932 3384 civitaS,
1979 3330 2205 3390 parens
2256 3309 2505 3392 Regum

557 3415 745 3489 orbis,
764 3423 948 3477 terrae
973 3424 1161 3496 caput
1187 3424 1253 3477 et
1271 3414 1568 3488 Domina,
1595 3414 1780 3488 hunc,
1801 3414 1909 3494 qui
1929 3414 2049 3475 tibi
2076 3413 2508 3476 dominaturus

537 3528 672 3594 est,
698 3519 1114 3601 progenuisse,
1150 3528 1217 3581 et
1251 3520 1444 3601 ipsius
1467 3538 1663 3580 manu
1690 3516 2017 3591 defensari,
2060 3518 2369 3598 sapientia
2392 3538 2508 3598 gu-

559 3624 830 3697 bernari,
871 3624 1134 3705 imperio
1160 3643 1398 3705 parere,
1438 3622 1761 3705 gauderet.
1842 3621 2054 3703 Hujus
2077 3622 2311 3684 milites
2339 3621 2505 3684 Nor-

535 3729 775 3789 ·manni
793 3728 1109 3810 possident
1137 3728 1455 3810 Apuliam,
1473 3728 1756 3790 devicere
1790 3725 2091 3799 Siciliam,
2107 3734 2506 3808 propugnant

560 3829 1186 3912 Constantinopolim,
1213 3832 1509 3913 ingerunt
1535 3839 1775 3892 metum
1817 3829 2144 3911 Babyloni.
2227 3828 2507 3891 Nobilis-

557 3937 744 3998 simos
763 3944 1014 3998 tuorum
1035 3935 1326 4011 filiorum,
1336 3940 1596 4017 juvenes
1623 3957 1697 3998 ac
1722 3956 1917 4010 seneS,
1938 3934 2267 3998 Chunutus
2283 3933 2505 3997 Danus

556 4040 896 4103 trucidavit
931 4040 1131 4102 nimia
1174 4040 1565 4114 crudelitate,
1608 4047 1681 4100 ut
1728 4040 1847 4101 sibi
1893 4059 1967 4102 ac
2007 4039 2222 4101 liberis
2266 4041 2393 4101 suis
2438 4048 2503 4101 te

557 4144 890 4226 subigeret.
958 4143 1088 4206 Hic
1108 4165 1186 4206 ne
1209 4143 1563 4206 Heraldum
1582 4143 1774 4206 vellet
1791 4145 2163 4206 occubuisse.
2236 4143 2376 4206 Imo
2397 4165 2504 4207 vo-

556 4248 677 4310 luit
696 4249 893 4330 patris
923 4247 1208 4312 Godwini
1236 4248 1584 4330 potentiam
1614 4248 1708 4309 illi
1737 4249 2058 4331 ampliare,
2076 4258 2141 4311 et
2159 4257 2377 4311 natam
2404 4270 2503 4310 su-

556 4373 679 4426 am,
711 4351 1118 4435 Imperatoris
1142 4351 1424 4416 thalamo
1451 4353 1902 4434 dignissimam,
1924 4355 1988 4416 in
2011 4354 2503 4426 matrimonium,
