3192 5050
757 623 978 671 cusu
1020 622 1369 672 W1L1.ELM1
1409 623 1613 672 noers
1654 624 2201 675 NORMANNORUM.
2343 611 2461 675 139

505 784 696 847 quam
735 766 971 851 perfide
1027 769 1344 843 invasisti3
1401 791 1526 832 non
1567 769 1800 833 resides
1839 772 1907 831 in
1946 768 2119 845 solio,
2160 772 2326 853 quod
2364 794 2464 835 su·

507 870 696 953 perbe
749 872 1100 935 ascendisti.
1181 872 1480 956 Arguunt
1531 882 1815 936 extrema
1865 882 1996 949 tua,
2050 895 2239 957 quam
2294 884 2463 940 recte

503 976 876 1039 sublimatus
911 977 1104 1040 fueris
1130 976 1427 1041 Edwardi
1466 980 1629 1041 dono
1656 980 1724 1039 in
1751 980 1945 1061 ipsius
1983 977 2128 1042 fine.
2209 979 2459 1063 Regum

506 1088 712 1143 terror
753 1081 1036 1155 Cometa,
1092 1091 1233 1165 post
1273 1084 1528 1145 initium
1569 1082 1925 1145 altitudinis
1964 1091 2091 1145 tuae
2114 1104 2463 1159 coruscans,

503 1184 770 1247 exitium
797 1186 918 1247 tibi
943 1188 1322 1249 vaticinatus
1345 1187 1486 1252 fuit.

588 1288 834 1351 Verum
872 1293 1102 1355 omissa
1139 1293 1362 1367 naenia,
1402 1292 1775 1355 felicitatem
1802 1311 1993 1374 quam
2032 1292 2255 1355 eadem
2282 1294 2468 1357 stella

507 1393 844 1475 portendit,
898 1396 1289 1459 disseramus.
1390 1397 1775 1478 Argivorum
1831 1395 1971 1461 Rex
2023 1397 2466 1479 Agamemnon

505 1494 746 1561 habens
791 1498 857 1560 in
903 1500 1139 1563 auxilio
1181 1501 1414 1563 multos
1458 1499 1669 1563 Duces
1714 1509 1902 1583 atque
1946 1500 2171 1583 Reges,
2214 1503 2465 1565 unicam

507 1602 728 1663 urbem
771 1602 1012 1665 Priami
1050 1604 1195 1667 dolo
1232 1606 1340 1667 vix
1379 1607 1610 1668 evertit
1647 1606 1987 1669 obsidionis
2008 1626 2179 1669 anno
2202 1606 2467 1669 decime.

509 1706 662 1788 Quae
703 1707 938 1770 fuerint
977 1709 1111 1790 ejus
1135 1710 1412 1772 militum
1439 1709 1715 1793 ingenia,
1760 1732 1897 1793 quae
1922 1712 2143 1791 virtuS,
2188 1713 2471 1775 carmina

504 1819 837 1875 testantur.
915 1812 1084 1875 Item
1137 1812 1344 1877 Roma
1395 1816 1482 1877 sic
1528 1814 1749 1878 adulta
1791 1816 2033 1897 opibuS,
2060 1824 2134 1877 ut
2156 1817 2297 1879 orbi
2342 1824 2470 1878 ter·-

507 1936 722 1977 rarum
774 1916 966 1979 vellet
1010 1918 1358 2000 praesidere,
1405 1920 1589 1981 urbes
1636 1919 1876 2000 aliquot
1921 1918 2155 1981 devicit
2191 1919 2471 2001 singulas

507 2022 790 2103 pluribus
827 2022 1028 2083 annis,
1111 2021 1377 2104 Subegit
1417 2031 1632 2086 autem
1671 2025 1857 2086 urbes
1897 2024 2253 2106 Anglorum
2287 2046 2473 2086 cunc-

505 2136 609 2191 tas
635 2128 784 2190 Dux
825 2124 1191 2192 Willelmus
1215 2130 1412 2211 copiis
1439 2127 1853 2191 Normanniae
1892 2149 2019 2191 uno
2065 2129 2167 2191 die
2196 2127 2278 2191 ab
2304 2129 2463 2191 hora

509 2231 708 2295 tertia
735 2233 801 2294 in
867 2252 1214 2315 vesperum,
1268 2252 1395 2296 non
1447 2233 1652 2295 multo
1704 2233 2086 2297 extrinsecus
2137 2234 2471 2315 adjutorio,

513 2336 587 2399 Si
628 2345 957 2399 tuerentur
992 2356 1098 2400 eas
1111 2339 1346 2400 moenia
1375 2334 1673 2419 Trojana,
1704 2337 1883 2402 brevi
1912 2336 2063 2401 talis
2096 2337 2218 2401 viri
2248 2358 2475 2400 manus

503 2451 576 2505 ct
601 2442 928 2506 consilium
955 2443 1389 2507 exscinderent
1415 2440 1747 2525 Pergama.
1830 2440 2049 2504 Posset
2074 2440 2245 2504 illico
2270 2442 2473 2505 victor

508 2547 719 2612 sedem
746 2549 1018 2633 Regiam
1043 2549 1240 2624 adire,
1267 2549 1588 2629 imponere
1616 2549 1739 2610 sibi
1764 2546 2075 2623 diadema,
2102 2555 2287 2609 terrae
2313 2547 2472 2610 divi·

505 2652 633 2715 tias
677 2653 746 2715 in
790 2655 1064 2737 praedam
1111 2655 1240 2716 suis
1264 2652 1574 2715 militibus
1599 2651 1898 2726 tribuere,
1940 2670 2211 2732 quosque
2251 2658 2473 2733 poten-

509 2765 626 2831 tes,
666 2757 822 2819 alios
845 2757 1158 2840 jugulare,
1191 2756 1348 2820 alios
1379 2757 1447 2816 in
1479 2755 1739 2818 exilium
1771 2755 2014 2838 ejicere.
2100 2753 2227 2818 Sed
2261 2756 2473 2817 mode-

509 2862 712 2924 ratius
737 2863 831 2924 ire
856 2860 1112 2946 placuit,
1140 2870 1330 2944 atque
1373 2860 1743 2923 clementius
1787 2858 2117 2922 dominari.
2201 2858 2472 2922 Consue-

509 2967 607 3028 vit
663 2987 931 3048 namque
983 2966 1228 3049 pridem
1278 2964 1639 3027 adolescens
1705 2964 2129 3046 temperantia
2179 2965 2474 3026 decorare

508 3069 880 3152 triumphos.
935 3068 1063 3132 Par
1081 3069 1317 3144 fuisset,
1345 3069 1719 3151 Anglorum,
1748 3068 1856 3149 qui
1881 3087 2012 3129 sese
2039 3088 2152 3149 per
2174 3068 2473 3149 injuriam

507 3179 757 3234 tantam
790 3172 1324 3255 pessundederunt
1367 3175 1430 3234 in
1478 3179 1772 3245 mortem,
1812 3191 2031 3234 carnes
2071 3169 2225 3252 gula
2262 3171 2475 3233 vultu-

509 3277 598 3338 ris
648 3276 903 3360 lupique
968 3277 1276 3352 devorari‚
1344 3278 1584 3339 ossibus
1637 3274 1965 3354 insepultis
2014 3293 2269 3355 campos
2338 3273 2474 3336 fore

505 3381 801 3464 sepultos,
885 3381 1196 3445 Oaeterum
1249 3381 1346 3443 illi
1391 3379 1641 3443 crudele
1686 3381 1890 3442 visum
1933 3387 2028 3442 est
2070 3378 2199 3441 tale
2241 3378 2473 3460 suppli-

507 3487 697 3548 cium.
776 3485 1159 3549 Volentibus
1197 3487 1280 3548 ad
1303 3485 1696 3548 humandum
1722 3504 1828 3546 eos
1871 3483 2164 3566 colligere
2204 3483 2471 3545 liberam

507 3589 812 3652 concessit
835 3597 1236 3672 potestatem.
1301 3579 1608 3652 Humatis
1633 3596 1849 3652 autem
1874 3589 2019 3663 suis,
2047 3586 2469 3670 dispositaque

507 3695 795 3756 mstodia
821 3693 1173 3776 Hastingas
1195 3715 1340 3756 cum
1373 3703 1629 3757 strenuo
1659 3693 1969 3777 praefecto,
2002 3691 2471 3755 Romanaerium

506 3797 824 3873 accedens,
861 3817 1050 3881 quam
1075 3798 1313 3881 placuit
1337 3818 1588 3882 poenam
1615 3799 1826 3880 exegit
1852 3817 1967 3881 pro
1992 3796 2170 3859 clade
2197 3814 2469 3869 suorum,

507 3921 659 3983 quos
699 3901 850 3963 illue
891 3921 1100 3964 errore
1126 3902 1416 3985 appulsos
1454 3902 1590 3965 fera
1614 3922 1769 3984 gens
1812 3901 2039 3964 adorta
2061 3898 2278 3982 praelio
2322 3919 2468 3960 cum

507 4007 832 4088 utriusque
871 4008 1069 4088 partis
1107 4007 1383 4069 maximo
1422 4006 1802 4068 detrimento
1840 4005 2112 4067 fuderat.

589 4107 764 4172 Hinc
804 4109 1124 4173 Doveram
1164 4108 1505 4183 contendit,
1559 4110 1671 4172 ubi
1709 4108 2007 4192 populum
2046 4108 2471 4171 innumerabi-

506 4211 633 4276 lem
667 4223 1122 4298 congregatum
1161 4221 1514 4296 acceperat3
1567 4214 1735 4295 quod
1758 4213 1929 4276 locus
1954 4213 2060 4275 ille
2088 4214 2470 4298 inexpugna-

507 4318 654 4380 bilis
690 4320 1041 4383 videbatur.
1123 4321 1215 4382 At
1254 4322 1386 4403 ejus
1423 4319 1891 4401 propinquitate
1934 4317 2132 4401 Angli
2178 4304 2469 4400 perculsi,

2112 4439 2153 4484 L
2191 4422 2231 4483 2
