3192 5050
688 603 768 664 66
1024 615 1237 686 scmr.
1280 615 1524 663 RERUM
1565 613 1756 662 GEsT.
1801 613 2153 661 w1LLELM1
2197 613 2242 659 1.

684 760 857 840 plebi
887 758 1262 821 Christianae
1297 759 1615 839 provideo,
1703 755 1772 818 Si
1800 758 1969 818 enim
1997 765 2166 818 caste
2188 764 2252 817 et
2279 755 2559 816 modeste
2588 774 2652 814 se

683 864 967 936 haberet,
1030 863 1193 924 sicut
1258 863 1648 924 sacerdotem
1705 868 1773 921 et
1835 858 1962 921 Dei
2013 859 2375 920 ministrum
2422 858 2654 937 ubique

682 965 1003 1039 condecet,
1024 965 1202 1028 cordi
1236 985 1379 1027 meo
1399 967 1621 1045 maj0r,
1651 983 1842 1045 quam
1863 964 2090 1045 possim
2131 962 2386 1034 referre,
2425 959 2656 1022 laetitia
2705 1031 2710 1036 ⁸

683 1070 933 1130 inesset.

768 1173 1239 1252 Spondentibus
1292 1172 1537 1233 cunctis
1589 1171 2096 1232 emendationem
2142 1167 2478 1248 pontificis,
2545 1188 2658 1229 rex

562 1275 579 1292 ⁸
682 1277 917 1337 iterum
955 1277 1084 1337 ait:
1140 1273 1359 1336 Velim
1396 1274 1614 1348 nolim,
1663 1281 1876 1336 vestra
1917 1272 2029 1334 fiet
2071 1273 2318 1352 petitio,
2361 1273 2512 1352 quia
2557 1291 2660 1331 me

683 1380 984 1442 defuncto
1017 1380 1357 1443 vehemens
1384 1379 1595 1440 subito
1636 1398 1848 1440 rerum
1885 1375 2001 1438 fiet
2037 1377 2328 1439 mutatio.
2412 1375 2665 1440 Invitus

683 1483 974 1556 concedo,
1003 1491 1077 1543 ut
1102 1482 1302 1543 frater
1328 1502 1507 1542 meus
1532 1481 1611 1541 de
1639 1501 1887 1542 carcere
1915 1480 2242 1554 liberetur,
2283 1480 2393 1540 sed
2419 1482 2664 1553 scitote,

684 1586 852 1667 quod
897 1585 1117 1646 multis
1151 1603 1266 1663 per
1310 1604 1455 1645 eum
1504 1604 1674 1645 mors
1728 1604 1835 1645 seu
1890 1603 2084 1664 grave
2131 1583 2659 1661 impedimentum

684 1689 1051 1750 incutietur.
1136 1686 1433 1750 Baldrico
1474 1695 1691 1748 autem
1732 1685 2033 1748 Nicholai
2073 1685 2225 1759 filio,
2275 1687 2426 1766 quia
2467 1687 2660 1748 servi-

686 1791 850 1850 tium
888 1810 1103 1850 meum
1146 1790 1522 1868 insipienter
1548 1789 1808 1870 reliquit
1844 1798 1910 1850 et
1935 1790 2079 1850 sine
2116 1808 2262 1849 mea
2298 1787 2561 1850 licentia
2596 1789 2663 1848 in

688 1890 1071 1970 Hispaniam
1120 1892 1300 1966 abiit,
1340 1900 1545 1953 totam
1589 1900 1830 1953 terram
1860 1911 2037 1953 suam
2080 1911 2198 1971 pro
2240 1893 2656 1972 castigatione

686 1994 939 2055 abstuli.
1066 1993 1193 2056 Sed
1245 2015 1411 2056 nunc
1465 1994 1563 2055 illi
1591 1995 1788 2056 reddo
1841 2014 1956 2073 pro
2009 2015 2222 2057 amore
2275 1993 2420 2056 Dei.
2534 1993 2658 2056 Illo

687 2097 913 2159 melior
938 2099 1004 2158 in
1034 2099 1227 2159 armis
1252 2106 1414 2178 tyr0,
1455 2119 1616 2172 reor,
1656 2118 1783 2159 non
1821 2099 2159 2170 invenitur,
2207 2098 2317 2158 sed
2358 2098 2657 2179 prodigus

687 2210 755 2263 et
796 2202 955 2264 levis
990 2210 1105 2276 est,
1153 2223 1228 2264 ac
1274 2222 1389 2282 per
1432 2203 1680 2264 diversa
1721 2211 2009 2284 vagatur.
2095 2201 2200 2264 Sic
2258 2201 2659 2264 Guillielmus

686 2326 817 2378 rex,
860 2304 1012 2366 licet
1046 2306 1247 2367 nimio
1291 2305 1475 2366 ilium
1516 2305 1730 2367 dolore
1777 2306 2062 2386 graviter
2097 2313 2456 2385 angeretur,
2504 2325 2660 2366 sana

685 2417 903 2470 tamen
930 2417 1143 2470 mente
1171 2429 1245 2470 ac
1286 2411 1491 2472 vivaci
1534 2395 1808 2490 loquela·
1827 2407 2164 2470 efficaciter
2205 2408 2553 2483 fruebatur,
2595 2417 2660 2470 et

687 2513 755 2572 in
782 2512 1075 2573 omnibus
1102 2512 1179 2573 de
1207 2514 1479 2593 negotiis
1517 2514 1701 2593 regni
1746 2513 2142 2593 poscentibus
2187 2521 2553 2593 promptum
2594 2520 2660 2575 et

686 2615 845 2678 utile
873 2615 1203 2677 consilium
1232 2617 1737 2694 impartiebatur.

767 2717 1059 2799 Denique
1114 2720 1335 2799 quinto
1394 2718 1547 2780 Idus
1592 2718 2002 2798 Septembris,
2053 2720 2215 2781 feria
2261 2723 2487 2802 quinta
2524 2726 2660 2803 jam

688 2821 926 2883 Phoebo
953 2841 1067 2900 per
1092 2822 1311 2883 orbem
1339 2830 1675 2903 spargente
1711 2823 1888 2884 clara
1911 2824 2239 2887 radiorum
2273 2826 2530 2905 spicula,
2559 2847 2662 2888 ex-

684 2926 847 2986 citus
894 2945 1007 2986 rex
1052 2944 1275 2985 sonum
1304 2925 1559 3005 majoris
1600 2926 1766 3007 signi
1793 2928 2039 2989 audivit
2079 2929 2145 2988 in
2173 2929 2663 3007 metropolitana

684 3028 961 3089 basilica.
1047 3026 1509 3089 Percunctante
1536 3048 1630 3102 e0,
1686 3030 1837 3110 quid
1864 3038 2150 3103 sonaret3
2205 3032 2663 3110 responderunt

685 3133 1001 3193 ministri:
1057 3130 1332 3195 Domine
1354 3131 1513 3193 hora
1537 3134 1748 3211 prima
1782 3136 1919 3214 jam
1965 3133 2255 3213 pulsatur
2297 3137 2365 3196 in
2401 3138 2663 3199 ecclesia

684 3243 917 3297 sanctae
959 3234 1204 3297 Mariae.
1291 3233 1470 3296 Tunc
1505 3240 1622 3295 rex'
1645 3256 1790 3297 cum
1816 3257 2066 3298 summa
2092 3238 2426 3301 devotione
2453 3241 2662 3319 oculos
2763 3311 2768 3316 ,

684 3339 768 3400 ad
819 3339 1044 3400 coelum
1098 3340 1319 3413 erexit,
1374 3347 1440 3400 et
1494 3358 1737 3400 sursum
1794 3342 2088 3402 manibus
2136 3344 2409 3405 extensis
2461 3344 2658 3404 dixit:

686 3440 963 3505 Domine
991 3463 1147 3503 meae
1164 3451 1396 3504 sanctae
1417 3440 1543 3505 Dei
1559 3443 1857 3523 genitrici
1877 3442 2105 3505 Mariae
2132 3466 2234 3506 me
2255 3448 2626 3507 commendo
2645 3469 2660 3520 ;

684 3553 757 3607 ut
794 3547 931 3624 ipsa
973 3548 1099 3607 suis
1134 3547 1367 3607 sanctis
1401 3547 1690 3625 precibus
1735 3567 1838 3607 me
1886 3548 2248 3609 reconciliet
2293 3548 2662 3610 charissimo

684 3648 819 3710 filio
838 3669 951 3710 suo
968 3650 1233 3712 'domino
1259 3657 1473 3711 nostro
1494 3647 1538 3709 J
1540 3670 1648 3710 esu
1680 3646 1950 3711 Christo.
2034 3649 2123 3711 Et
2155 3652 2255 3712 his
2293 3652 2477 3713 dictis
2519 3671 2662 3730 pro-

684 3752 856 3813 tinus
902 3752 1233 3829 expiravit.
1326 3750 1655 3812 Archiatri
1701 3759 1916 3812 autem
1966 3760 2031 3813 et
2073 3754 2266 3815 ceteri
2302 3762 2658 3833 praesenteS,

685 3854 793 3934 qui
813 3874 1027 3934 regem
1056 3855 1188 3915 sine
1215 3854 1459 3935 gemitu
1487 3861 1552 3915 et
1578 3853 1853 3916 clamore
1875 3855 2295 3934 quiescentem
2315 3864 2456 3918 tota
2476 3865 2660 3919 nocte

682 3964 1111 4029 servaverunt,
1139 3966 1206 4018 ct
1232 3977 1401 4017 nunc
1429 3977 1506 4018 ex
1532 3958 1855 4035 insperato
1881 3958 1971 4018 sic
2009 3978 2154 4018 eum
2182 3978 2330 4019 mox
2355 3960 2660 4040 migrasse

682 4059 999 4132 viderunt,
1044 4059 1451 4121 vehementer
1478 4060 1760 4132 attoniti,
1803 4067 1869 4119 et
1907 4058 2082 4120 velut
2125 4068 2409 4121 amentes
2453 4060 2660 4124 effecti

682 4170 849 4223 sunt.
934 4160 1132 4225 Porro
1160 4163 1421 4225 ditiores
1448 4183 1525 4224 ex
1551 4162 1652 4223 his
1694 4160 1840 4223 ilico
1867 4164 2136 4224 ascensis
2163 4164 2338 4244 equis
2366 4185 2662 4227 recesser-
