3192 5050
669 593 712 656 4
1047 609 1259 658 solur.
1301 609 1545 658 RERUM
1585 609 1778 658 ensr.
1822 609 2174 658 WILLELMI
2216 611 2263 658 1.

671 752 958 814 custodia
981 752 1212 826 tenuit,
1261 752 1462 816 donec
1487 753 1805 815 industria
1829 751 2149 815 Willelmi
2195 749 2642 833 sapientissimi

680 854 950 918 Comitis
979 854 1049 918 N
1049 877 1500 919 ormannorum
1541 878 1689 919 eum
1715 856 2031 931 liberavit,
2074 877 2261 938 quem
2301 855 2644 917 liberatum

677 967 870 1040 atque
897 968 1048 1022 ante
1075 981 1142 1022 se
1168 961 1532 1040 adductum,
1561 960 1732 1021 idem
1762 957 1989 1022 Comes
2006 957 2349 1022 honorifice
2376 957 2647 1040 suscepit

675 1071 745 1126 et
791 1073 1148 1146 susceptum
1193 1065 1522 1147 aliquanto
1565 1072 1853 1146 tempore
1922 1083 2068 1124 cum
2132 1081 2366 1144 magno
2408 1061 2646 1123 honore

677 1186 890 1230 secum
915 1169 1203 1230 retinuit.
1284 1166 1556 1230 Interim
1588 1187 1759 1241 vero,
1792 1167 1945 1228 dum
1973 1187 2117 1228 cum
2144 1185 2222 1228 eo
2246 1172 2649 1228 conversatus

677 1279 792 1347 est,
819 1273 882 1334 ei
900 1272 1272 1353 homagium
1289 1279 1358 1334 et
1371 1270 1750 1333 fidelitatem
1770 1270 1923 1332 fecit
1943 1269 2285 1344 HeralduS,
2302 1277 2370 1332 et
2384 1270 2463 1343 ei,
2484 1270 2648 1331 sicut

680 1375 872 1438 multi
897 1376 1135 1449 dicunt,
1163 1376 1292 1437 tria
1316 1383 1713 1438 sacramenta
1738 1395 1926 1456 super
1950 1373 2328 1436 filacterium
2349 1373 2517 1454 qnod
2540 1393 2649 1435 vo-

681 1479 917 1540 cabant
959 1477 1211 1540 oculum
1245 1479 1443 1554 bovis,
1491 1480 1661 1561 quod
1708 1480 1769 1540 ei
1809 1478 2000 1541 fidem
2042 1486 2112 1540 et
2150 1477 2651 1560 promissionem,

685 1599 878 1660 quam
905 1581 966 1642 ei
981 1581 1275 1655 faciebat,
1302 1581 1464 1643 bene
1483 1582 1846 1644 custodiret.
1930 1580 2201 1643 Peracto
2224 1581 2439 1661 itaque
2456 1599 2648 1660 nego-

684 1683 779 1745 tio
803 1691 1062 1764 propter
1077 1684 1244 1765 quod
1263 1682 1586 1747 Heraldus
1603 1693 1866 1748 venerat
1880 1686 1947 1746 in
1970 1683 2040 1747 N
2039 1686 2436 1748 ormanniam
2456 1703 2648 1765 quam

685 1785 872 1847 citius
910 1788 1120 1868 potuit
1159 1788 1351 1850 rediit
1376 1789 1444 1850 in
1472 1787 1797 1871 Angliam.
1879 1787 2035 1851 Post
2073 1789 2469 1871 aliquantum
2495 1807 2648 1850 vero

681 1890 986 1969 temporis
1013 1890 1166 1951 dum
1179 1889 1534 1955 Edwardus
1559 1912 1673 1954 rex
1692 1891 2051 1974 Anglorum
2076 1893 2145 1953 in
2160 1891 2363 1953 natali
2380 1888 2647 1953 Domini

683 1989 1098 2055 festivitatem
1124 2013 1367 2056 coronae
1393 2014 1520 2056 suae
1545 1993 1893 2057 Londonioe
1930 1994 2100 2078 apud
2145 1993 2649 2058 Westmonaste-

683 2095 852 2156 rium
899 2105 1136 2178 ageret,
1183 2097 1458 2180 contigit
1496 2106 1573 2160 ut
1616 2106 1826 2161 tactus
1866 2099 2241 2182 gravissima
2276 2097 2650 2160 infirmitate

683 2200 888 2262 vitam
927 2209 1300 2282 praesentem
1341 2200 1574 2264 finiret.
1656 2201 1903 2265 Dicunt
1940 2211 2156 2266 autem
2198 2204 2455 2285 quidam
2495 2209 2649 2264 tunc

686 2305 855 2385 quod
881 2303 1204 2367 Heraldus
1223 2307 1402 2388 quasi
1433 2306 1670 2369 oblitus
1684 2316 2219 2371 sacramentorum
2240 2327 2377 2389 quae
2394 2305 2652 2369 Wfflel-

681 2427 791 2470 mo
845 2405 1082 2471 Comiti
1131 2410 1203 2470 in
1243 2407 1651 2472 Normannia
1688 2411 1943 2487 fecerat,
1998 2421 2341 2494 antequam
2381 2433 2495 2474 rex
2519 2411 2650 2474 Ed-

683 2511 932 2574 wardus
957 2512 1182 2586 obiret,
1221 2513 1308 2575 ad
1345 2534 1492 2575 eum
1531 2516 1839 2595 pervenit,
1880 2536 2149 2599 eumque
2188 2516 2441 2597 rogavit
2478 2523 2553 2577 ut
2589 2515 2650 2578 ei

685 2633 984 2675 coronam
1037 2616 1220 2696 regni
1287 2614 1542 2697 Angliae
1593 2617 1984 2683 concederet.
2071 2618 2212 2700 Quo
2266 2618 2490 2680 audito
2542 2637 2655 2679 rex

685 2714 1056 2792 Edwardus,
1081 2739 1210 2781 non
1239 2720 1576 2781 immemor
1602 2720 1771 2800 quod
1810 2720 2149 2784 Willelmo
2195 2718 2444 2783 Comite
2484 2718 2553 2782 N
2553 2740 2652 2782 or-

681 2841 1060 2884 mannorum
1090 2830 1361 2904 cognato
1385 2844 1500 2885 suo
1540 2842 1809 2904 regnum
1835 2822 2089 2905 Angliae
2111 2823 2487 2906 jamdudum
2503 2843 2650 2885 con-

683 2926 954 2999 cessisse,
968 2926 1292 3007 respondit
1308 2924 1599 2988 Heraldo
1609 2925 1787 2988 nullo
1802 2926 1991 2989 modo
2011 2927 2131 2989 hoc
2146 2946 2213 2989 se
2228 2946 2405 3008 posse
2422 2925 2649 3000 faeere,

684 3030 836 3111 quia
850 3027 1257 3091 Wisselmum
1275 3029 1590 3094 Comitem
1609 3029 2127 3093 Nol-mannorum
2135 3031 2306 3092 idem
2332 3030 2649 3092 haeredem

686 3132 943 3195 fecerat.
1023 3131 1308 3197 Veniens
1353 3154 1506 3215 ergo
1529 3154 1645 3196 rex
1688 3131 2039 3196 Edwardus
2084 3134 2169 3197 ad
2212 3132 2406 3195 finem
2446 3153 2650 3209 suum,

687 3235 859 3297 diem
893 3235 1122 3298 clausit
1147 3245 1522 3299 extremum.
1605 3235 1836 3298 Adhuc
1860 3244 2077 3298 autem
2104 3246 2243 3299 erat
2269 3256 2493 3319 corpus
2516 3239 2652 3319 ejus

689 3358 878 3421 super
901 3347 1161 3415 terram,
1183 3342 1346 3403 sicut
1385 3340 1478 3401 illi
1513 3348 1736 3423 postea
1758 3339 2133 3415 retulerunt,
2162 3340 2273 3421 qui
2311 3340 2446 3401 haec
2472 3358 2541 3402 se
2559 3340 2653 3403 vi-

627 3490 632 3495 .
691 3443 842 3505 dere
867 3444 1183 3518 dixerunt,
1211 3464 1404 3526 quum
1433 3442 1757 3506 Heraldus
1782 3444 1963 3525 quasi
1987 3443 2245 3505 insanus
2266 3450 2458 3525 atque
2485 3450 2655 3524 post-

689 3568 930 3629 ponens
982 3549 1280 3630 quicquid
1340 3546 1679 3611 Willelmo
1733 3545 1970 3610 Comiti
2020 3547 2099 3609 de
2151 3544 2349 3628 regno
2401 3544 2657 3627 Angliae

686 3652 1032 3732 juraverat,
1059 3651 1356 3714 videlicet
1401 3652 1569 3733 quod
1600 3652 1661 3713 ei
1687 3651 1850 3712 issud
1882 3648 2158 3712 fideliter
2200 3656 2343 3730 post
2379 3655 2653 3710 mortem

693 3754 862 3835 regis
913 3752 1217 3817 Edwardi
1285 3763 1582 3829 servaret,
1651 3754 2189 3817 consentientibus
2241 3752 2365 3814 sibi
2414 3751 2657 3813 civibus

694 3856 1059 3933 Londoniae,
1085 3859 1424 3940 multisque
1441 3858 1584 3921 aliis
1610 3859 1869 3921 insaniae
1911 3861 2045 3939 ejus
2080 3856 2459 3929 faventibus,
2484 3854 2657 3936 apud

689 3970 977 4025 sanctum
1019 3961 1291 4026 Paulum
1316 3964 1386 4023 in
1429 3964 1690 4026 civitate
1732 3961 2094 4036 Londoniae,
2139 3967 2361 4023 contra
2398 3978 2653 4021 omnem

686 4066 1155 4140 rectitudinem,
1179 4087 1476 4131 coronam
1495 4068 1679 4148 regni
1704 4065 1959 4148 Angliae
1982 4065 2270 4147 arripuit.

769 4167 922 4233 Non
941 4168 1204 4251 longum
1219 4190 1369 4234 vero
1381 4178 1635 4252 tempus
1648 4170 1793 4244 fuit,
1812 4168 1980 4251 quod
1997 4168 2119 4231 iste
2137 4186 2355 4229 rumor
2368 4166 2453 4229 ad
2470 4184 2657 4230 aures
