3192 5050
695 579 776 642 98
1079 593 1294 641 semp.
1322 592 1568 640 RERUM
1593 592 1787 640 essm.
1822 592 2179 643 w1LLELM1
2207 596 2259 643 1.

689 737 943 799 stantiae
985 736 1114 797 dux
1158 735 1528 799 Willelmus
1555 735 1734 797 nulla
1759 736 2077 818 perculsus
2103 735 2462 812 formidine,
2501 739 2660 820 regi,

690 840 802 921 qui
827 840 1021 902 robur
1036 840 1376 901 immanius
1400 840 1532 920 ipse
1560 840 1755 913 ducit,
1774 842 1912 921 jam
1928 840 1996 901 in
2024 838 2558 922 Rotomagensem
2586 861 2665 902 ex

689 942 1059 1007 Ebroicensi
1096 962 1263 1025 pago
1289 944 1521 1006 sensim
1567 944 1953 1025 procedenti,
2007 963 2243 1026 magno
2295 946 2509 1008 animo
2534 965 2666 1007 sese

688 1047 954 1111 festinus
979 1048 1262 1129 opponit.
1347 1045 1551 1109 Trans
1577 1047 1909 1110 adversam
1934 1048 2142 1128 ripam
2174 1046 2482 1129 Sequanae
2519 1068 2665 1129 par-

689 1156 824 1211 tem
850 1170 1108 1212 suarum
1135 1150 1481 1231 copiarum,
1505 1159 1580 1211 ut
1600 1150 1849 1213 hostem
1889 1150 2301 1213 distributum
2340 1151 2665 1232 praenovit,

685 1259 912 1315 eontra
936 1252 1235 1334 dirigens.
1323 1251 1428 1315 Sic
1455 1254 1629 1315 enim
1646 1253 2017 1335 dispositum
2044 1260 2145 1315 est
2171 1254 2499 1327 industria,
2528 1272 2666 1334 quae

687 1355 963 1420 multum
1009 1355 1344 1438 profutura
1385 1358 1792 1437 sperabatur:
1839 1365 1914 1419 ut
1960 1364 2231 1439 quantus
2272 1356 2455 1419 miles
2497 1357 2667 1419 inter

693 1458 1060 1542 Sequanam
1095 1469 1162 1523 et
1193 1460 1559 1524 Garonnam
1595 1461 1823 1525 fluvios
1854 1461 2279 1543 colligeretur,
2308 1462 2488 1543 (quas
2512 1481 2665 1542 gen-

685 1570 784 1625 tes
808 1563 1044 1626 multas
1069 1586 1196 1627 uno
1221 1566 1478 1627 nomine
1509 1563 1878 1647 celtigallos
1904 1563 2273 1647 appellant,)
2301 1566 2349 1627 ii
2380 1584 2495 1627 nos
2520 1564 2664 1640 hac,

686 1687 836 1747 rege
864 1669 1000 1749 ipso
1025 1669 1202 1742 duce,
1230 1670 1623 1743 invaderent,
1642 1670 1791 1731 illac
1817 1690 1968 1733 vero
1983 1669 2266 1743 ducibus,
2281 1668 2479 1731 fratre
2497 1670 2665 1751 regis

692 1769 928 1845 Odone,
957 1779 1024 1832 et
1041 1770 1357 1835 Rainaldo
1373 1772 1888 1847 familiarissim0‚
1908 1758 2079 1835 inter
2105 1772 2343 1859 flumen
2362 1771 2661 1836 Rhenum

685 1883 755 1937 et
803 1874 1162 1957 Sequanam
1190 1876 1458 1949 collecti,
1503 1896 1640 1958 quae
1674 1875 1889 1940 Gallia
1934 1875 2199 1958 Belgica
2240 1884 2662 1959 nuncupatur.

688 1973 935 2061 Regem
965 1980 1223 2061 insuper
1247 1980 1675 2041 comitabatur
1701 1980 2073 2062 Aquitania,
2111 2000 2259 2062 pars
2289 1978 2513 2043 Galliae
2537 1988 2665 2043 ter-

687 2084 784 2145 tia
830 2091 897 2145 et
943 2083 1283 2145 latitudine
1320 2085 1675 2165 regionum,
1710 2092 1779 2146 et
1806 2083 2219 2146 multitudine
2246 2084 2578 2148 hominum
2624 2104 2665 2147 a

683 2185 1000 2267 plerisque
1054 2188 1390 2249 aestimata.
1473 2186 1616 2250 Nee
1670 2188 1924 2261 mirum,
1972 2189 2027 2249 si
2066 2187 2230 2250 forte
2271 2186 2662 2249 Francorum

665 2291 1042 2351 temeritati
1069 2298 1260 2371 atque
1287 2291 1594 2372 superbies
1620 2291 1709 2352 sic
1727 2292 1989 2353 munitae
2010 2310 2148 2373 spes
2164 2298 2302 2353 erat
2318 2290 2661 2371 aliquanta,

687 2391 935 2456 Ducem
962 2402 1252 2455 nostrum
1281 2401 1395 2455 aut
1419 2395 1905 2475 opprimendum
1934 2414 2065 2457 esse
2093 2415 2169 2457 ea
2194 2394 2379 2468 mole,
2416 2402 2530 2456 aut
2568 2396 2662 2475 ig-

687 2497 1044 2560 nominiosa
1069 2497 1225 2580 fiiga
1241 2498 1602 2580 elapsurum
1612 2519 1629 2573 ;
1647 2498 1885 2562 milites
1898 2507 2011 2562 aut
2030 2499 2418 2574 occidendos,
2428 2507 2541 2562 aut
2560 2519 2662 2562 ca-

687 2601 952 2682 piendos
973 2621 990 2674 ;
1011 2602 1248 2682 oppida
1262 2602 1627 2676 excidenda,
1644 2603 1814 2665 vicos
1830 2604 2178 2666 exurendos
2193 2624 2209 2677 ;
2225 2603 2359 2664 haec
2378 2602 2663 2665 ferienda

684 2704 919 2785 gladio,
972 2703 1088 2766 illa
1140 2705 1207 2765 in
1262 2705 1542 2786 praedam
1594 2707 1987 2788 diripienda:
2044 2715 2363 2790 postremo
2413 2714 2658 2769 terram

685 2813 891 2868 totam
917 2825 1113 2888 usque
1141 2807 1209 2867 in
1237 2808 1469 2870 foedam
1497 2808 1905 2872 solitudinem
1931 2811 2364 2892 redigendam.

771 2907 900 2972 Sed
926 2909 1114 2990 longe
1141 2910 1340 2972 alium
1368 2931 1468 2974 res
1501 2922 1803 2975 eventum
1838 2914 2089 2976 habuit.
2172 2913 2351 2978 Nam
2385 2914 2661 2996 inauspi-

689 3017 835 3074 cato
861 3015 1183 3094 congressi
1215 3012 1354 3076 Odo
1379 3022 1447 3076 et
1475 3013 1846 3092 Rainaldus,
1871 3038 2018 3078 cum
2034 3037 2217 3079 suam
2242 3017 2663 3098 aciem'jquam

683 3115 960 3178 terribili
1006 3117 1344 3180 atrocitate
1388 3121 1629 3182 vastari
1670 3121 2271 3195 anhnadverterent,
2314 3121 2549 3183 ducatu
2594 3129 2660 3183 et

683 3220 851 3281 ensis
875 3240 992 3302 ope
1019 3220 1206 3283 simul
1232 3221 1494 3296 omissis,
1520 3241 1828 3304 equorum
1853 3223 2196 3286 velocitate
2224 3223 2420 3286 saluti
2439 3244 2658 3286 consu-

683 3323 846 3384 lunt.
927 3322 1222 3404 Urgebat
1245 3344 1520 3406 namque
1537 3324 1809 3388 cervices
1836 3346 2075 3400 eorum,
2114 3347 2243 3389 non
2279 3328 2545 3390 meritas
2569 3327 2657 3390 le-

683 3427 886 3501 niora,
910 3446 1129 3489 mucro
1155 3424 1423 3489 Roberti
1451 3428 1759 3491 Aucensis
1789 3427 2074 3504 Comitis,
2116 3438 2191 3492 ut
2216 3431 2538 3494 natalibus
2564 3433 2659 3494 ita

681 3532 924 3594 virtute
943 3532 1183 3612 magni,
1203 3552 1334 3594 una
1349 3530 1647 3614 Hugonis
1664 3531 2101 3608 Gomaoensis,
2121 3533 2423 3617 Hugonis
2464 3534 2653 3598 Mon-

683 3635 970 3709 tisfortis,
996 3633 1304 3697 Walterii
1357 3634 1647 3711 Giffardi,
1687 3634 2008 3698 Willelmi
2038 3636 2333 3720 Crispini,
2360 3639 2660 3702 aliorum-

683 3759 804 3820 que
830 3746 1061 3801 nostrae
1097 3739 1302 3820 partis
1343 3738 1831 3802 fortissimorum
1858 3742 2160 3804 virorum.
2246 3741 2473 3816 Gnido,
2492 3740 2658 3805 Pon-

685 3843 806 3905 tivi
837 3840 1080 3915 Comes,
1107 3843 1190 3904 ad
1215 3842 1667 3904 vindicandum
1692 3842 1959 3906 fratrem
1982 3844 2439 3927 Ingelrannum
2466 3847 2659 3907 nimis

681 3945 920 4019 avidus,
947 3952 1169 4026 captus
1195 3952 1308 4019 est,
1335 3953 1403 4008 et
1437 3966 1584 4009 cum
1611 3966 1687 4009 eo
1713 3947 2063 4029 complures
2085 3968 2317 4030 genere
2344 3955 2411 4010 et
2434 3949 2659 4029 opibus

681 4047 875 4120 clari3
943 4047 1202 4129 plurimi
1256 4049 1637 4124 ceciderunt,
1690 4050 1965 4132 reliquos
2018 4051 2172 4132 fuga
2224 4031 2460 4132 eripuit
2513 4072 2658 4113 cum

677 4152 1127 4235 antesignanis.
1211 4151 1486 4236 Cognito
1523 4154 1713 4220 citius
1752 4155 1871 4218 hoc
1914 4175 2196 4222 successu
2222 4163 2658 4238 propugnator
