3192 5050
683 615 766 680 34
1166 631 1380 682 semp.
1407 631 1654 682 amum
1680 632 1871 682 eEs'r.
1900 632 2257 681 WILLELMI
2286 632 2337 678 1.

763 779 799 808 “
826 771 1050 836 Verba
1075 775 1172 836 tui
1199 775 1386 856 regis,
1413 775 1594 848 dixit,
1620 793 1748 836 non
1776 784 1921 838 sunt
1942 776 2261 857 sapientis.

845 876 963 938 Nil
987 877 1244 939 latitare
1271 877 1487 960 procul
1513 879 1769 960 poterit,
1801 879 1919 940 hoc
1946 880 2171 959 sapiat.

763 979 1019 1042 Excessi
1045 1003 1330 1063 puerum,
1357 981 1586 1045 leviter
1604 1003 1721 1044 nee
1747 1004 1947 1064 regna
1969 983 2171 1064 petivi

842 1082 1175 1148 Defunctis
1199 1086 1488 1166 patribus
1513 1087 1733 1148 debita
1749 1089 1893 1168 jure
1918 1086 2101 1164 mihi.

773 1185 1004 1249 Foedus
1031 1190 1330 1250 amicitiae
1349 1198 1578 1252 nostrae
1604 1190 1891 1252 dissolvit
1906 1191 2142 1271 inique,

843 1291 1016 1354 Dum
1043 1301 1220 1355 tenet
1247 1295 1480 1376 injuste
1497 1314 1633 1375 quae
1659 1315 1806 1356 mea
1822 1297 1963 1375 jure
1983 1293 2209 1356 forent.

761 1393 941 1476 Quod
967 1405 1183 1458 monet
1201 1405 1274 1458 ut
1293 1399 1568 1471 redeam,
1593 1398 1771 1462 furor
1795 1408 1911 1472 est,
1937 1397 2263 1458 dementia.
2284 1412 2556 1456 summa:

848 1498 1122 1582 Tempus
1147 1502 1320 1563 enim
1339 1501 1637 1583 prohibet
1661 1510 1728 1562 et
1754 1502 1863 1564 via
1886 1522 2013 1563 non
2041 1499 2262 1562 facilis.

763 1600 1073 1666 Inmerito
1093 1605 1380 1685 quamvis
1405 1605 1803 1666 committere
1822 1603 1993 1666 bella
2017 1603 2319 1676 minetur,

847 1703 925 1766 In
954 1707 1210 1772 domino
1227 1706 1427 1770 fidens
1453 1727 1609 1788 gens
1633 1727 1779 1770 mea
1801 1727 1929 1768 non
1971 1707 2227 1788 refugit.

765 1806 989 1870 Nescit
1009 1809 1175 1890 quod
1192 1809 1434 1872 furtiva
1456 1810 1621 1872 mihi
1638 1811 1915 1891 perjuria
1939 1808 2109 1882 fecit,

846 1910 985 1975 Nec
1012 1913 1264 1994 penitus
1288 1913 1511 1976 recolit
1539 1914 1705 1995 quod
1729 1933 1906 1975 meus
1932 1914 2051 1976 iste
2078 1911 2247 1974 fuit-,2

769 2014 841 2077 Si
867 2019 1119 2098 perjura
1143 2037 1372 2080 manus
1394 2017 1677 2080 nondum
1704 2017 2008 2080 damnata
2034 2015 2317 2088 resultat,

843 2117 1081 2183 Divino
1095 2128 1314 2182 tamen
1333 2129 1429 2182 est
1439 2123 1577 2202 jam
1594 2142 1707 2184 rea
1724 2122 1983 2203 judicio.

767 2221 842 2285 Si
868 2225 1090 2305 quaerit
1108 2245 1348 2306 pacem,
1375 2225 1430 2287 si
1455 2225 1596 2288 vult
1624 2225 1856 2288 delicta
1880 2224 2088 2298 fateri,

843 2325 1188 2410 Indulgens
1213 2328 1411 2410 culpae
1437 2349 1693 2409 parcere
1721 2337 2050 2412 promptus
2076 2348 2222 2390 ero:

763 2430 1027 2492 Terram
1049 2451 1238 2512 quam
1265 2433 1510 2514 pridem
1549 2413 1760 2496 tenuit
1784 2443 1985 2514 pater,
2026 2433 2191 2494 hane
2217 2430 2337 2494 sibi
2364 2426 2644 2498 reddam,

841 2534 941 2597 Ut
955 2556 1134 2597 meus
1159 2544 1315 2599 ante·
1337 2536 1478 2611 fuit,
1506 2538 1559 2599 si
1584 2558 1765 2599 meus
1790 2558 1921 2599 esse
1947 2533 2161 2600 velit.”

765 2638 1122 2701 Monachus
1149 2639 1459 2701 accelerat
1486 2641 1783 2717 reditum,
1831 2642 1957 2703 dux
1985 2647 2303 2723 praeparat
2350 2658 2565 2701 arma:

845 2742 1118 2804 Heraldi
1143 2750 1424 2803 mentem
1449 2753 1715 2807 noverat
1742 2753 1931 2825 atquc
1960 2744 2193 2805 dolum.

765 2847 1106 2920 Admonet,
1134 2845 1494 2909 inflammat
1520 2848 1881 2911 confortans
1906 2848 2095 2911 corda
2114 2866 2401 2909 suorum:

841 2955 878 2985 “
909 2948 1184 3013 Francia-
1209 2971 1363 3032 quos
1389 2953 1613 3034 genuit
1638 2952 1972 3015 nobilitate
1993 2952 2225 3026 cluens,

762 3054 1067 3137 Belligeri
1095 3056 1228 3117 sine
1257 3054 1404 3117 felle
1429 3056 1572 3129 viri,
1593 3056 1837 3119 famosa.
1856 3061 2175 3138 juventuS,

846 3159 1013 3242 Quos
1041 3158 1215 3222 Deus
1242 3159 1456 3241 elegit,
1480 3159 1582 3221 vel
1610 3158 1785 3223 Deus
1810 3162 1941 3245 ipse
1968 3161 2159 3235 favet,

760 3264 967 3328 Fama
980 3263 1155 3327 volat
1181 3283 1446 3345 quorum
1471 3284 1585 3346 per
1603 3263 1869 3327 climata
1884 3274 2182 3346 quattuor
2206 3266 2379 3329 orbis
2397 3288 2415 3341 3

847 3367 1251 3448 Invictusque
1276 3386 1542 3429 manens
1565 3366 1822 3429 miliciae
1840 3368 2065 3431 titulus
2086 3392 2100 3443 ;

765 3473 1054 3555 Gensque
1084 3470 1542 3534 Britannorum
1583 3492 1847 3553 quorum
1876 3474 2065 3537 decus
2089 3483 2295 3539 exstat
2325 3476 2392 3537 in
2429 3476 2645 3550 armiS,

845 3577 1060 3640 Tellus
1086 3577 1156 3637 ni
1181 3576 1391 3659 fugiat
1415 3583 1512 3637 est
1529 3575 1685 3657 fuga
1700 3576 1881 3638 nulla
1904 3578 2160 3659 quibus;

762 3683 1030 3746 Viribus
1056 3680 1329 3743 illustres
1359 3679 1776 3755 cenomanni,
1803 3681 2011 3763 gloria
2029 3702 2295 3765 quorum

843 3786 1024 3849 Bello
1049 3791 1438 3847 monstratur
1461 3804 1576 3863 per
1601 3785 1937 3863 probitatis
1962 3806 2148 3866 opem
2170 3810 2187 3863 3

761 3890 1027 3973 Apulus,
1054 3895 1120 3949 et
1149 3885 1439 3961 Calaber,
1471 3885 1717 3949 Siculus
1742 3890 1969 3970 quibus
1986 3892 2201 3972 jacula.
2225 3892 2461 3970 fervet3

843 3991 1202 4055 Normanni
1228 3989 1444 4051 faciles
1463 3991 1710 4053 actibus
1729 3994 2003 4075 egregiis
2020 4015 2036 4069 ;

756 4099 984 4163 Falsus
1010 4103 1078 4157 et
1104 4095 1380 4168 infamis,
1407 4098 1695 4177 perjurus
1713 4117 1827 4158 rex
1852 4105 1918 4159 et
1938 4099 2189 4163 adulter

840 4201 1112 4265 Molitur
1135 4199 1335 4271 nobis,
1363 4199 1572 4260 tendit
1599 4208 1665 4259 et
1694 4200 1971 4263 insidias.

758 4306 916 4390 Ejus
941 4307 1110 4369 enim
1138 4324 1276 4367 mos
1301 4310 1398 4365 est
1421 4320 1549 4364 non
1577 4304 1665 4377 vi,
1690 4304 1800 4367 sed
1826 4304 2077 4367 vincere
2103 4306 2343 4383 fraude,
