3192 5050
786 660 1004 707 essm
1045 660 1394 708 WILLELMI
1435 660 1639 709 nums
1680 659 2227 708 NoRMANNoRnM.
2369 642 2489 707 125

535 801 667 877 bna
712 804 911 878 donis,
953 806 1136 887 votiS‚
1180 805 1412 867 caelesti
1441 768 1751 887 ‘suffiagio
1785 819 1851 867 se
1892 806 2207 867 commisit
2248 806 2491 887 optime

534 907 849 970 confidens
885 907 1201 990 Princeps,
1245 930 1435 990 quem
1468 930 1669 991 neque
1702 930 1882 972 mora
1907 910 2038 972 sive
2071 910 2487 973 contrarietas

532 1014 728 1085 venti,
773 1032 974 1093 neque
1026 1012 1338 1075 terribilia
1387 1013 1743 1095 naufragia,
1795 1033 1996 1095 neque
2048 1013 2281 1095 pavida
2332 1012 2487 1095 fuga

533 1114 894 1189 multorum,
921 1117 1030 1199 qui
1055 1115 1245 1178 fidem
1273 1118 1758 1198 spoponderant,
1800 1118 2091 1199 frangere
2126 1117 2489 1199 praevalent.

535 1218 700 1301 Quin
753 1228 819 1281 et
871 1220 1130 1283 consilio
1181 1221 1667 1284 adversitatibus
1716 1221 1959 1295 obviuS,
2023 1221 2486 1295 submersorum

532 1323 842 1398 interitus,
867 1332 1172 1405 quantum
1207 1331 1476 1406 poterat,
1516 1323 1875 1415 occultavit,
1910 1323 2211 1385 latentius
2250 1322 2487 1384 tumul-

531 1428 732 1503 and03
783 1437 1207 1513 commeatum
1230 1430 1431 1491 indies
1457 1430 1764 1510 augendo,
1790 1429 2071 1510 inopiam
2095 1426 2336 1490 lenivit.
2368 1427 2494 1490 Ad

531 1533 650 1595 hoc
675 1534 1034 1596 hortamine
1069 1535 1313 1597 diverso
1354 1535 1619 1595 retraxit
1646 1533 1998 1607 exterritos,
2040 1530 2349 1594 animavit
2375 1550 2486 1612 pa-

531 1646 768 1700 ventes.
813 1638 1020 1700 Sacris
1035 1638 1588 1721 supplicationibus
1610 1638 1766 1699 adeo
1787 1637 2151 1711 decertavit,
2172 1644 2245 1697 ut
2263 1656 2487 1717 corpus

531 1742 726 1803 etiam
753 1744 1167 1825 acceptissimi
1193 1741 1333 1806 Deo
1351 1742 1717 1805 confessoris
1753 1740 2063 1805 Walerici
2088 1748 2307 1802 contra
2330 1759 2487 1821 prae-

532 1847 910 1927 pedientem,
948 1855 1014 1909 et
1048 1868 1162 1929 pro
1188 1848 1457 1910 secundo
1476 1854 1686 1919 vento,
1726 1853 1907 1907 extra
1926 1843 2264 1907 Basilicam
2284 1844 2485 1905 defer-

532 1959 631 2012 ret
660 1972 674 2011 ε
714 1960 1118 2013 concurrente
1165 1953 1231 2012 in
1277 1952 1498 2013 eadem
1549 1950 1929 2012 humilitatis
1974 1969 2153 2011 arma
2189 1949 2485 2011 concione

531 2055 1026 2135 profecturorum
1051 2076 1196 2117 cum
1223 2056 1375 2137 ipso.

616 2158 910 2240 Spirante
937 2160 1084 2219 dein
1119 2179 1274 2220 aura
1299 2165 1649 2240 expectata,
1692 2178 1875 2222 voces
1913 2178 2057 2219 cum
2094 2158 2387 2219 manibus
2414 2158 2483 2217 in

532 2262 758 2324 coelum
777 2260 1224 2343 gratificantes,
1251 2282 1322 2324 ac
1351 2262 1536 2323 simul
1572 2261 1883 2324 tumultus
1918 2261 2187 2323 invicem
2213 2261 2485 2323 incitans

530 2364 814 2439 tollitur3
855 2374 1028 2427 terra
1067 2385 1256 2445 quam
1282 2366 1832 2447 properantissime
1868 2365 2193 2438 descritur,
2221 2365 2483 2426 dubium

531 2472 658 2534 iter
681 2491 872 2552 quam
898 2470 1362 2552 cupientissime
1408 2470 1627 2533 initur.
1708 2467 1806 2533 Eo
1831 2489 2103 2551 namque
2142 2468 2485 2533 celeritatis

531 2585 711 2639 motu
737 2576 1164 2658 impelluntur,
1204 2584 1278 2637 ut
1301 2596 1444 2636 cum
1471 2577 1856 2657 amigemm
1883 2575 2008 2648 hic,
2028 2575 2263 2636 socium
2290 2575 2485 2638 incla-

531 2691 664 2744 met
704 2682 831 2755 ille,
871 2681 1150 2762 plerique
1193 2680 1590 2741 immemores
1642 2680 1963 2753 clientum,
2003 2687 2116 2742 aut
2156 2679 2482 2754 sociorum,

533 2795 644 2848 aut
671 2807 880 2847 rerum
896 2785 1401 2858 necessariarum,
1418 2783 1485 2843 id
1509 2783 1729 2858 solum,
1750 2804 1829 2845 ne
1845 2782 2298 2865 relinquantur,
2313 2785 2481 2866 cogi-

529 2900 691 2965 tant,
707 2911 781 2952 ac
797 2890 1117 2951 festinant.
1173 2887 1469 2969 Increpat
1493 2897 1709 2950 tamen
1736 2896 1924 2969 atque
1945 2896 2129 2968 urget
2154 2887 2221 2947 in
2249 2909 2485 2970 puppes

531 2997 754 3059 ardens
772 2993 1174 3057 vehementia
1191 2994 1386 3068 duciS,
1403 2994 1457 3054 si
1474 2993 1625 3074 quos
1644 2993 1955 3055 ullatenus
1970 3013 2217 3055 moram
2232 3001 2483 3057 nectere

530 3108 732 3162 notat.
810 3097 1056 3160 Verum
1072 3118 1151 3158 ne
1178 3099 1350 3179 prius
1369 3097 1506 3159 luce
1533 3097 1732 3171 littus,
1760 3118 1883 3179 quo
1910 3097 2268 3170 intendunt,
2291 3099 2485 3159 attin-

529 3212 766 3286 genteS‚
793 3204 1010 3285 iniqua
1035 3209 1101 3262 et
1127 3203 1335 3262 minus
1361 3209 1514 3262 nota
1539 3201 1810 3262 statione
1837 3199 2312 3281 periclitentur,
2372 3201 2485 3262 dat

529 3307 830 3390 praeconis
843 3326 992 3368 voce
1010 3306 1302 3378 edictum,
1325 3314 1392 3366 ut
1408 3325 1550 3365 cum
1566 3306 1634 3364 in
1651 3304 1853 3365 altum
1870 3304 1997 3364 sint
2013 3303 2317 3376 deductae,
2331 3324 2484 3384 pau-

532 3411 732 3472 lulum
759 3410 960 3470 noctis
977 3409 1418 3490 conquiescant
1443 3428 1570 3468 non
1597 3407 1783 3487 longe
1831 3426 1872 3467 a
1906 3426 2019 3468 sua
2042 3413 2211 3466 rates
2245 3415 2485 3468 cunctae

533 3517 600 3575 in
628 3513 916 3575 anchoris
934 3511 1276 3584 fluitanteS‚
1297 3512 1493 3572 donec
1513 3511 1580 3570 in
1602 3513 1735 3591 ejus
1754 3509 1907 3570 mali
1929 3528 2173 3570 summo
2193 3508 2484 3590 lampade

531 3623 878 3698 conspecta,
905 3614 1218 3695 extemplo
1243 3615 1519 3676 buccinae
1545 3614 1906 3694 clangorem
1934 3632 2146 3674 cursus
2172 3613 2485 3692 accipiant

531 3724 798 3803 signum.
885 3718 1204 3780 Memorat
1231 3720 1493 3801 antiqua
1536 3717 1780 3780 Graecia
1820 3716 2113 3778 Attidem
2142 3715 2484 3797 Agamem-

531 3847 700 3888 nona
713 3825 1022 3886 fraternos
1041 3821 1352 3883 thalamos
1372 3822 1576 3883 ultum
1605 3821 1787 3884 ivisse
1804 3819 1977 3881 mille
2005 3819 2304 3880 navibus:
2342 3841 2485 3901 pro-

533 3939 840 3994 testamur
889 3949 1004 3991 nos
1054 3925 1456 3989 Willelmum
1511 3926 1803 3987 diadema
1856 3925 2102 4005 regium
2156 3924 2482 4004 requisisse

535 4037 838 4120 pluribus,
891 4035 1172 4097 Xerxem
1194 4033 1514 4096 fabulatur
1533 4031 1645 4092 illa
1670 4029 1894 4091 Seston
1921 4042 1987 4089 et
2014 4027 2267 4090 Abidon
2290 4035 2485 4108 ponto

533 4145 873 4224 disjunctas
898 4141 1082 4202 urbes
1119 4140 1376 4203 navium
1396 4145 1586 4220 ponte
1614 4134 2002 4216 conjunxisse
2027 4152 2041 4194 z
2081 4129 2483 4194 Willelmum

536 4268 648 4310 nos
689 4267 912 4310 revera
947 4264 1382 4329 propagamuS,
1421 4260 1546 4304 uno
1581 4239 1759 4303 clavo
1796 4259 1919 4301 suae
1946 4235 2273 4318 potestatis
2318 4233 2487 4297 Nor-
