3192 5050
709 541 789 604 54
1085 555 1297 606 semp,
1340 556 1584 604 RERUM
1624 557 1815 606 GEsr.
1858 556 2211 609 wlLLanr
2254 563 2300 608 1.

707 702 913 764 bionis
931 709 998 764 et
1022 699 1090 763 N
1091 701 1339 762 eustriae
1359 721 1483 762 non
1507 699 1857 764 sufficiebat
1875 713 2289 768 assenserunt.
2373 704 2676 788 Ingentes

709 826 955 890 quoque
995 805 1220 868 fundos
1259 825 1415 887 quos
1451 806 1519 866 in
1563 805 1839 867 occiduis
1866 806 2229 871 climatibus
2270 811 2675 892 possidebant

707 913 992 974 deserere
1009 910 1452 972 decreverunt:
1481 930 1556 971 ac
1576 917 1649 971 ut
1674 911 1937 991 praefato
1956 913 2207 993 praesuli
2222 922 2399 976 trans
2427 914 2674 977 Padum

709 1016 1165 1079 comitarentur
1191 1035 1303 1096 per
1329 1013 1520 1075 fidem
1549 1016 2035 1097 spoponderunt.

789 1118 1373 1182 APPARATUM
1399 1120 1830 1202 hujuscemodi
1856 1123 2131 1203 prudens
2165 1143 2277 1184 rex
2304 1121 2673 1186 Willelmus

708 1226 968 1288 edidicit
995 1225 1105 1286 sed
1130 1245 1257 1286 non
1278 1225 1672 1306 approbavit,
1700 1245 2017 1307 regnoque
2040 1246 2149 1289 suo
2166 1227 2506 1308 multisque
2532 1227 2677 1290 aliis

709 1330 1068 1392 nociturum
1125 1329 1465 1390 estimavit.
1569 1327 1761 1389 Unde
1816 1328 2191 1390 festinanter
2243 1331 2311 1390 in
2365 1330 2672 1412 Angliam

708 1432 1146 1496 transfretavit
1169 1453 1183 1506 3
1213 1453 1285 1494 ac
1317 1430 1523 1494 Odoni
1550 1432 1837 1513 episcopo
1862 1453 2005 1493 cum
2052 1434 2281 1514 grandi
2305 1455 2538 1516 pompa
2563 1457 2675 1499 na-

707 1537 926 1617 vigare
954 1536 1021 1595 in
1045 1534 1515 1597 Normanniam
1538 1537 1821 1616 cupienti
1841 1537 2160 1618 insperato
2187 1539 2255 1597 in
2276 1539 2482 1600 insula
2509 1538 2674 1602 Vec-

708 1649 792 1702 tae
818 1641 1118 1702 obviavit.
1202 1638 1305 1701 Ibi
1325 1640 1632 1699 nimirum
1653 1641 2052 1720 congregatis
2078 1641 2146 1700 in
2168 1641 2317 1704 aula
2332 1642 2533 1724 regali
2548 1645 2675 1725 pri-

707 1745 991 1807 moribus
1015 1744 1196 1824 regni
1223 1763 1335 1804 rex
1361 1744 1456 1804 ita
1475 1742 1723 1804 locutus
1749 1750 1863 1804 est.

789 1856 824 1882 ‘⁶
845 1845 1228 1911 EGREGII
1269 1867 1572 1929 procereS,
1601 1848 1799 1909 verba
1825 1866 1969 1908 mea
1986 1846 2329 1928 diligenter
2348 1848 2583 1922 audite,
2610 1857 2677 1910 et

709 1952 962 2015 salubre
980 1951 1312 2014 consilium
1328 1952 1489 2012 mihi
1511 1971 1719 2033 quaeso
1735 1950 2019 2012 tribuite.
2078 1948 2445 2032 Antequam
2467 1959 2679 2013 -trans-

707 2059 1034 2138 fretassem
1063 2057 1130 2116 in
1177 2054 1665 2130 Normanniam,
1691 2056 1974 2137 regimen
2015 2052 2269 2135 Angliae
2296 2053 2485 2116 fratri
2532 2075 2676 2117 meo

710 2159 1042 2222 Baiocensi
1084 2160 1372 2242 episcopo
1434 2159 2043 2223 commendaveram.
2144 2157 2224 2219 In
2274 2157 2676 2220 Normannia

707 2266 898 2328 multi
924 2274 1146 2328 contra
1170 2285 1274 2326 me
1318 2272 1743 2338 surrexerunt,
1772 2271 1839 2324 et
1878 2271 1952 2324 ut
1986 2263 2083 2322 ita
2108 2262 2315 2323 dicam
2354 2263 2572 2322 intimi
2609 2269 2676 2322 et

708 2371 1000 2432 forinseci
1027 2391 1130 2431 me
1157 2369 1545 2431 invaserunt.
1630 2367 1946 2430 Robertus
1966 2365 2133 2428 filius
2148 2385 2325 2426 meus
2345 2375 2412 2426 et
2438 2367 2675 2426 tirones

710 2493 864 2556 quos
899 2473 1178 2535 enutrivi
1225 2479 1291 2533 et
1317 2473 1543 2553 quibus
1571 2491 1751 2533 arma
1778 2470 1923 2533 dedi
1956 2477 2179 2531 contra
2202 2489 2306 2530 me
2334 2469 2674 2533 rebellave-

706 2585 875 2651 runt,
903 2578 1113 2657 eisque
1140 2576 1269 2636 mei
1294 2574 1566 2636 malifidi
1593 2574 1855 2635 clientes
1894 2582 1959 2635 et
1990 2572 2250 2633 finitimi
2280 2573 2491 2635 hostes
2525 2594 2669 2656 gra-

705 2689 921 2743 tanter
947 2680 1364 2742 adhaeserunt.
1446 2676 1693 2737 Verum
1722 2676 1881 2750 Deo,
1936 2679 2111 2757 cujus
2151 2696 2365 2738 servus
2392 2698 2551 2752 sum,
2569 2700 2672 2741 me

705 2790 1096 2866 protegente,
1122 2781 1219 2842 nil
1249 2779 1686 2861 profecerunt:
1727 2798 1842 2839 nec
1870 2779 1947 2839 de
1976 2799 2117 2840 meo
2137 2780 2378 2861 aliquid
2403 2782 2526 2842 nisi
2552 2782 2675 2843 fer-

707 2908 848 2948 rum
871 2887 937 2946 in
965 2884 1330 2947 vulneribus
1355 2885 1484 2945 suis
1511 2883 1941 2944 obtinuerunt.
2026 2880 2450 2964 Conglobatos
2485 2886 2552 2947 in
2572 2908 2677 2948 me

706 2990 1192 3071 Andegavenses
1207 2994 1466 3068 paratus
1485 2986 1568 3047 ad
1582 2984 1821 3047 bellum
1849 2993 2088 3046 terrore
2100 2989 2436 3068 compressi
2454 3010 2470 3063 ;
2510 2991 2679 3071 pari·-

704 3113 823 3174 que
851 3092 1039 3154 modo
1066 3089 1446 3152 rebellantes
1486 3088 1923 3151 Cenomannos
1958 3090 2152 3150 armis
2168 3098 2235 3151 et
2252 3092 2491 3154 viribus
2511 3114 2677 3155 com-

702 3197 916 3280 pressi.
997 3194 1125 3257 His
1143 3195 1445 3255 nimirum
1481 3194 1995 3275 occupationibus
2011 3195 2183 3256 ultra
2198 3215 2375 3257 mare
2395 3197 2681 3261 irretitus

703 3301 797 3362 fui
811 3322 828 3374 3
840 3300 1051 3381 ibique
1064 3299 1173 3359 diu
1185 3306 1467 3360 moratus
1477 3297 1745 3380 publicis
1757 3297 2460 3362 utilitatibuslaboriose
2472 3301 2676 3363 deser-

705 3405 853 3467 vivi.
938 3402 1196 3466 Interea
1249 3402 1448 3463 frater
1494 3422 1672 3463 meus
1732 3401 2037 3483 Angliam
2110 3402 2519 3465 vehementer
2568 3426 2678 3487 op-

703 3507 947 3589 pressit,
975 3515 1042 3569 ct
1068 3506 1358 3569 ecclesias
1384 3505 1595 3567 fundis
1622 3513 1687 3567 et
1732 3506 2039 3567 reditibus
2084 3506 2445 3587 expoliavit,
2493 3529 2677 3572 orna-

704 3612 937 3673 mentis
1010 3611 1092 3673 ab
1163 3610 1656 3672 antecessoribus
1729 3609 1918 3671 editis
1972 3609 2257 3684 nudavit,
2320 3612 2676 3693 militesque

703 3734 896 3789 meos,
923 3715 1032 3794 qui
1058 3722 1288 3775 contra
1314 3712 1532 3775 Dauos
1558 3720 1625 3773 et
1653 3710 2109 3773 Hibernienses
2151 3721 2218 3773 et
2264 3714 2420 3775 alios
2466 3715 2677 3777 hostes

704 3817 866 3878 mihi
892 3817 1083 3877 nimis
1129 3816 1394 3877 infestos
1419 3815 1725 3897 Angliam
1759 3824 1971 3877 tutare
2015 3816 2383 3891 debuerant,
2428 3818 2677 3880 seduxit

705 3927 773 3983 et
798 3928 975 3981 trans
991 3918 1188 4000 Alpes
1216 3920 1283 3979 in
1297 3926 1516 3980 extera
1540 3939 1758 4000 regna,
1778 3940 1881 3980 me
1902 3927 2283 4000 contemptO,
2312 3922 2675 4002 pertrahere

705 4024 999 4106 disponit.
1085 4022 1342 4085 Nimius
1369 4023 1547 4084 dolor
1574 4044 1683 4085 cor
1708 4044 1922 4085 meum
1966 4025 2166 4105 angit,
2209 4027 2517 4107 praecipue
2559 4048 2675 4108 pro

705 4128 980 4191 ecclesiis
1007 4126 1150 4201 Dei,
1179 4148 1333 4207 quas
1360 4126 1564 4189 affixit
1621 4126 1967 4191 Christiani
1995 4148 2192 4209 regeS,
2242 4131 2349 4209 qui
2397 4139 2545 4192 ante
2592 4153 2673 4194 ne
