3192 5050
964 580 1330 627 EXCERPTA
1372 579 1463 626 DE
1505 579 1676 626 vri-A
1719 579 2094 626 WILLELMI.
2455 567 2532 632 67

553 730 697 794 unt,
738 731 805 783 et
844 724 927 785 ad
966 743 1079 785 sua
1118 724 1391 785 tutanda
1416 732 1935 803 properaverunt.
2020 721 2361 786 Inferiores
2385 744 2536 788 vero

552 824 845 886 clientuli
883 835 956 888 ut
998 829 1337 908 magistros
1383 827 1471 888 sic
1518 847 1584 888 se
1633 827 1998 888 subduxisse
2043 836 2535 906 perspexerunt:

492 1008 499 1014 .
553 947 759 1002 arma,
784 949 953 1002 vasa,
980 939 1203 1004 vestes,
1232 938 1297 990 et
1323 930 1722 1002 linteamina,
1762 950 2136 1012 omnemque
2163 931 2406 1012 regiam
2435 952 2536 994 su-

553 1031 937 1108 pellectilem
999 1042 1366 1111 rapuerunt,
1420 1041 1487 1094 et
1533 1032 1758 1095 relicto
1803 1035 1972 1114 regis
2017 1035 2321 1096 cadavere
2374 1053 2536 1113 pene

554 1135 730 1196 nudo
751 1136 816 1195 in
838 1156 1052 1197 aream
1068 1138 1291 1198 domus
1308 1135 1707 1217 aufugerunt.
1753 1134 2279 1215 Cernite,precor,
2300 1156 2539 1209 omnes,

555 1238 763 1318 qualis
781 1248 876 1300 est
903 1240 1227 1300 mundana
1251 1238 1425 1301 fides.
1509 1239 1955 1321 Unusquisque
1998 1241 2165 1321 quod
2205 1241 2416 1319 potuit
2458 1241 2538 1302 de

555 1349 868 1419 apparatu
890 1343 1065 1424 regio
1086 1351 1160 1404 ut
1184 1343 1417 1403 miluus
1442 1343 1676 1420 rapuit,
1717 1350 1783 1404 et
1810 1343 2142 1404 confestim
2169 1363 2312 1404 cum
2341 1344 2538 1421 preda

554 1466 669 1506 sua
690 1445 957 1526 aufugit.
1041 1444 1348 1524 Impietas
1374 1447 1586 1526 itaque
1618 1447 1967 1526 justitiario
2004 1444 2258 1507 labente
2297 1447 2536 1525 impru-

556 1549 781 1609 denter
800 1549 1054 1628 prodiit,
1076 1559 1141 1610 et
1160 1549 1577 1627 rapacitatem
1597 1549 1766 1610 circa
1784 1549 1990 1627 ipsum
2012 1548 2284 1610 ultorem
2300 1550 2538 1628 rapinae

554 1659 887 1730 promptus
912 1652 1211 1712 exercuit.

642 1752 847 1814 Fama
872 1753 949 1813 de
977 1761 1181 1814 morte
1209 1755 1376 1835 regis
1401 1755 1762 1833 pernicibus
1790 1755 1908 1815 alis
1936 1753 2212 1828 volavit3
2255 1763 2322 1816 et
2347 1754 2536 1837 longe

556 1856 812 1936 lateque
866 1857 1169 1936 gaudium
1231 1877 1340 1918 seu
1382 1877 1717 1919 moerorem
1785 1859 2183 1919 audientium
2243 1859 2540 1920 cordibus

558 1961 812 2022 infudit.
914 1960 1088 2023 Nam
1135 1981 1306 2022 mors
1352 1959 1704 2022 Guillielmi
1751 1961 1918 2042 regis
1963 1963 2100 2039 ipso
2147 1961 2370 2022 eodem
2414 1962 2538 2035 die,

558 2083 682 2145 quo
710 2063 1099 2146 Rothomagi
1126 2064 1458 2126 defunctus
1485 2072 1604 2136 est,
1641 2064 1710 2124 in
1739 2064 1895 2125 urbe
1925 2063 2134 2126 Roma
2160 2072 2226 2126 et
2254 2066 2320 2125 in
2355 2062 2539 2126 Cala-

559 2169 701 2229 bria
743 2169 1117 2249 quibusdam
1166 2168 1563 2228 exheredatis
1617 2168 1920 2228 nunciata
1965 2175 2079 2241 est,
2135 2175 2209 2228 ut
2256 2168 2340 2228 ab
2387 2168 2540 2245 ipsis

557 2272 957 2349 postmodum
997 2272 1308 2334 veraciter
1346 2271 1415 2330 in
1451 2268 1856 2331 Normannia
1892 2268 2166 2330 relatum
2194 2277 2308 2330 est.
2394 2268 2539 2332 Ma-

558 2373 771 2455 lignus
810 2377 1037 2456 quippe
1076 2376 1333 2453 spiritus
1369 2374 1601 2452 oppido
1637 2373 2034 2452 tripudiavit,
2077 2373 2228 2433 dum
2277 2373 2540 2436 clientes

560 2499 722 2552 suos,
759 2479 866 2560 qui
891 2498 1112 2557 rapere
1154 2485 1220 2539 et
1266 2476 1517 2557 elopere
1557 2477 1912 2552 inhiabant,
1953 2496 2070 2557 per
2113 2497 2402 2541 occasum
2438 2481 2539 2561 ju-

562 2582 718 2643 dicis
745 2581 1061 2643 absolutos
1086 2581 1268 2642 vidit.

648 2683 701 2746 O
743 2686 1037 2746 secularis
1076 2705 1311 2767 pompa
1350 2705 1539 2767 quam
1568 2686 1968 2767 despicabilis
2007 2686 2118 2747 es?
2162 2687 2311 2767 quia
2348 2686 2542 2747 nimis

560 2809 729 2851 vana
755 2798 822 2850 et
846 2789 1057 2850 labilis
1083 2810 1168 2862 es,
1195 2797 1365 2850 recte
1392 2788 1778 2870 pluvialibus
1798 2788 1988 2850 bullis
2005 2791 2295 2870 equanda
2315 2790 2542 2851 diceris

563 2913 701 2975 quae
729 2894 797 2953 in
823 2901 1147 2954 momento
1171 2893 1357 2954 valde
1385 2893 1646 2973 turgida
1671 2892 1952 2973 erigeris,
1988 2894 2321 2974 subitoque
2347 2895 2415 2953 in
2445 2895 2541 2953 ni-

563 2997 769 3058 hilum
813 2997 1137 3077 redigeris.
1220 2994 1385 3057 Ecce
1422 2998 1899 3078 potentissimus
1944 2997 2146 3070 heros,
2191 2998 2294 3058 cui
2341 3018 2542 3078 nuper

562 3100 895 3181 plusquam
948 3107 1203 3160 centum
1250 3099 1458 3160 millia
1496 3099 1779 3159 militum
1820 3100 2180 3161 serviebant
2225 3100 2430 3173 avide,
2471 3108 2540 3161 et

564 3223 752 3283 quem
778 3201 996 3262 multae
1022 3208 1243 3283 gentes
1258 3222 1402 3261 cum
1430 3210 1707 3263 tremore
1735 3202 2128 3275 metuebant,
2155 3223 2325 3263 nunc
2346 3223 2386 3263 a
2411 3203 2542 3265 suis

564 3308 840 3387 turpiter
865 3307 934 3366 in
962 3306 1149 3367 domo
1176 3326 1303 3367 non
1332 3325 1447 3367 sua
1474 3305 1782 3386 spoliatus
1808 3315 1923 3380 est,
1951 3315 2017 3367 et
2045 3326 2086 3367 a
2110 3308 2321 3389 prima
2346 3327 2542 3388 usque

565 3410 648 3471 ad
674 3410 933 3471 tertiam
974 3427 1163 3489 supra
1189 3407 1425 3469 nudam
1465 3408 1732 3469 humum
1779 3408 2119 3471 derelictus
2154 3417 2270 3472 est.
2357 3408 2542 3472 Cives

567 3517 737 3576 enim
768 3514 1310 3595 Rothomagenses
1338 3514 1557 3575 audito
1584 3512 1763 3593 lapsu
1791 3514 2093 3594 principis
2118 3513 2302 3575 valde
2330 3516 2543 3576 territi

568 3627 733 3691 sunt,
762 3626 829 3679 et
854 3638 1015 3699 pene
1042 3638 1259 3679 omnes
1285 3616 1464 3679 velut
1504 3616 1666 3676 ebrii
1693 3616 2118 3696 desipuerunt,
2147 3636 2220 3678 ac
2247 3617 2301 3678 si
2328 3616 2545 3679 multi-

566 3722 855 3783 tudinem
882 3722 1159 3783 hostium
1200 3720 1533 3781 imminere
1563 3720 1709 3780 urbi
1747 3719 2072 3793 vidissent,
2105 3720 2350 3781 turbati
2377 3728 2544 3795 sunt,

568 3826 990 3905 unusquisque
1018 3825 1097 3885 de
1123 3823 1279 3897 loc0,
1318 3823 1429 3884 ubi
1458 3830 1618 3896 erat,
1661 3822 1934 3895 recessit,
1975 3829 2042 3882 et
2069 3822 2222 3902 quid
2259 3831 2478 3903 ageret
2505 3842 2546 3883 a

568 3931 854 4009 conjuge,
893 3928 997 3990 vel
1024 3928 1211 3990 obvio
1238 3926 1457 3999 sodali,
1498 3924 1601 3987 vel
1629 3925 1834 3985 amico
1862 3923 2196 3986 consilium
2239 3926 2544 4005 quaesivit.

572 4029 699 4092 Res
726 4051 870 4093 suas
896 4032 1155 4111 quisque
1196 4038 1309 4091 aut
1335 4028 1810 4100 transmutavit,
1847 4034 1960 4087 aut
1985 4035 2412 4088 transmutare
2440 4028 2546 4087 de-

570 4135 789 4208 crevit,
818 4135 1203 4216 pavidusque
1229 4153 1309 4194 ne
1338 4133 1796 4204 invenirentur,
1823 4129 2170 4192 abscondit.
