3192 5050
656 593 774 675 150
1013 608 1226 656 solur.
1267 607 1510 657 RERUM
1551 606 1739 655 GEs'r.
1783 606 2134 654 WILLELMI
2174 608 2221 655 1.

645 755 930 836 juvabat,
971 760 1278 835 quantum
1321 752 1528 835 potuit
1572 752 1875 834 religIOne
1918 750 2109 814 salva.
2190 748 2374 833 Regi,
2401 751 2603 833 (cujus

652 858 1005 929 fratererat
1030 858 1328 932 uterinus,
1351 877 1536 939 quem
1556 864 1738 919 tanto
1758 855 2253 939 amplectebatur
2272 876 2503 930 amore,
2529 863 2603 917 ut

653 984 769 1025 nec
804 965 971 1024 inter
995 984 1174 1025 arma
1198 960 1390 1024 vellet
1417 962 1499 1023 ab
1525 958 1637 1024 illo
1664 962 1960 1043 separari,
1999 982 2041 1023 a
2066 982 2189 1043 quo
2213 980 2477 1042 magnos
2502 982 2603 1022 ac-

652 1074 902 1149 ceperat
922 1073 1109 1147 atque
1130 1063 1422 1147 sperabat
1442 1062 1753 1145 honoreS,)
1781 1066 1962 1149 unice
1983 1066 2602 1146 constantissimeque

652 1169 854 1231 fidelis
878 1169 1018 1231 fuit.
1100 1167 1399 1231 Libentes
1425 1166 1629 1230 eidem
1659 1167 2178 1251 obsequebantur,
2207 1178 2279 1231 ut
2306 1169 2605 1250 acceptis-

651 1276 810 1337 simo
850 1274 1121 1348 domino,
1165 1270 1524 1349 Normanni
1564 1282 1755 1353 atque
1810 1272 2125 1335 Britanni.
2206 1272 2346 1335 Nec
2405 1273 2602 1354 Angli

651 1378 808 1440 adeo
833 1376 1090 1439 barbari
1115 1376 1392 1451 fuerunt,
1420 1378 1571 1460 quin
1599 1377 1782 1440 facile
1804 1377 2231 1460 intelligerent
2250 1380 2417 1439 hunc
2440 1377 2605 1439 Prae-

651 1481 870 1555 sulem,
895 1480 1062 1542 hunc
1091 1478 1482 1553 Praefectum,
1511 1482 1739 1543 merito
1758 1481 2109 1543 timendum
2130 1502 2279 1555 esse,
2305 1502 2605 1544 veneran-

651 1585 803 1647 dum
833 1605 1094 1668 quoque,
1121 1606 1194 1646 ac
1222 1585 1632 1666 diligendum.

734 1690 890 1764 Rex,
931 1690 1024 1751 ita
1061 1692 1390 1751 commissa
1413 1688 1594 1770 regni
1622 1707 1788 1763 cura,
1830 1686 2295 1752 Pevenesellum
2334 1710 2399 1752 se
2438 1710 2606 1752 rece-

651 1796 782 1877 pit3
842 1813 1027 1875 quem
1068 1792 1273 1854 locum
1313 1794 1378 1852 in
1420 1792 1819 1854 nominandis
1870 1794 2227 1875 ponendum
2268 1814 2605 1867 censemuS,

649 1898 947 1981 quoniam
979 1898 1113 1979 ipso
1143 1906 1331 1977 portu
1364 1898 1569 1978 primo
1601 1896 1783 1958 littus
1810 1897 1970 1959 illud
2004 1898 2243 1980 attigit.
2330 1898 2608 1962 Stabant

652 2023 844 2065 naves
863 2002 946 2064 ad
959 2001 1516 2062 transmittendum
1534 2002 1964 2082 paratissimas,
1982 2022 2134 2083 quas
2151 2023 2295 2065 vere
2313 2001 2609 2065 decuerat

653 2106 816 2169 albis
854 2105 1009 2168 velis
1048 2124 1223 2165 more
1260 2112 1546 2165 veterum
1581 2104 1921 2195 adornatas
1960 2126 2108 2167 esse.
2188 2104 2393 2167 Erant
2437 2107 2608 2167 enim

653 2218 992 2274 revecturae
1016 2208 1528 2291 gloriosissimum
1555 2208 1965 2291 triumphum,
2000 2212 2387 2273 nunciaturus
2411 2212 2611 2273 maxi-

652 2336 756 2377 me
796 2322 1084 2397 optatum
1109 2313 1428 2396 gaudium.
1513 2312 1823 2375 Convenit
1862 2314 2081 2385 eodem
2107 2314 2344 2376 multus
2370 2314 2611 2396 Anglo-

653 2440 796 2481 rum
861 2419 1195 2501 equitatus,
1313 2416 1417 2479 Ex
1468 2416 1568 2479 his
1620 2417 1927 2479 abducere
1974 2437 2184 2480 secum
2230 2417 2611 2492 decreverat,

651 2544 916 2606 quorum
938 2523 1244 2605 praecipue
1271 2518 1461 2583 fidem
1487 2520 1863 2603 suspiciebat
1890 2541 1963 2584 ac
1989 2521 2357 2604 potentiam,
2384 2520 2612 2585 Archi-

655 2628 983 2710 praesulem
1061 2625 1458 2708 Stigandum,
1523 2624 1899 2688 Athelinum
1952 2627 2369 2707 propinquum
2418 2624 2613 2706 Regis

657 2728 974 2804 Edwardi,
1013 2738 1142 2791 tres
1172 2728 1468 2802 ComiteS‚
1496 2728 1853 2802 Edwinum,
1881 2728 2307 2804 Morcardum,
2334 2738 2401 2791 et
2428 2728 2613 2791 Wal-

653 2835 901 2908 levum3
941 2834 1128 2898 simul
1173 2832 1328 2896 alios
1355 2833 1703 2913 complures
1740 2833 1886 2895 altae
1924 2833 2309 2907 nobilitatis3
2350 2842 2424 2895 ut
2462 2834 2613 2915 ipsis

651 2939 1013 3002 auctoribus
1065 2938 1226 2999 nihil
1279 2937 1393 3000 sub
1446 2936 1764 2999 decessum
1818 2958 1999 2999 suum
2051 2947 2408 3012 novaretur,
2458 2959 2614 3019 gens

655 3063 806 3106 vero
829 3048 970 3104 tota
987 3041 1296 3110 minusad
1321 3040 1727 3103 rebellionem
1746 3041 1986 3104 valeret
2012 3041 2280 3123 spoliata
2306 3039 2615 3123 Principi-

655 3145 790 3208 buS.
871 3143 1159 3225 Denique
1175 3164 1280 3207 eos
1295 3145 1707 3226 potissimum,
1725 3145 1923 3207 veluti
1938 3144 2199 3220 obsides,
2220 3147 2287 3207 in
2302 3153 2613 3227 potestate

655 3270 770 3314 sua
793 3250 911 3312 tali
933 3249 1184 3314 cautela
1209 3250 1506 3311 tenendos
1533 3250 1954 3323 existimabat,
1982 3270 2246 3331 quorum
2272 3252 2617 3313 auctoritas

654 3356 758 3419 vel
783 3355 950 3418 salus
976 3354 1338 3436 propinquis
1377 3361 1445 3416 et
1483 3354 1916 3435 compatriotis
1941 3353 2203 3416 maximi
2243 3361 2422 3418 esset.
2508 3353 2615 3416 Sic

654 3468 870 3522 autem
881 3459 1053 3521 fuere
1070 3458 1332 3532 subacti,
1342 3465 1414 3518 ut
1433 3456 1983 3539 obsequentissime
1994 3457 2274 3518 facerent
2284 3458 2615 3539 imperata.

659 3565 834 3628 Nam
862 3572 946 3639 et,
973 3563 1026 3625 si
1044 3571 1257 3645 petere
1279 3560 1430 3644 quid
1455 3561 1753 3636 malebat,
1780 3563 2074 3644 praecepti
2097 3563 2232 3624 vice
2260 3564 2612 3625 audierunt.

659 3665 1016 3730 Praesertim
1035 3687 1179 3728 cum
1205 3686 1332 3728 non
1351 3663 1753 3727 traherentur
1777 3674 1851 3728 ut
1876 3666 2129 3748 captivi,
2156 3667 2264 3728 sed
2290 3666 2615 3729 dominum

657 3793 840 3836 suum
888 3769 1128 3852 Regem
1175 3771 1447 3852 proximi
1473 3771 1943 3843 comitarentur,
1984 3769 2353 3852 ampliorem
2394 3791 2473 3832 ex
2497 3770 2617 3832 hoc

654 3875 934 3957 gratiam
959 3885 1148 3956 atque
1188 3871 1489 3935 honorem
1530 3871 1831 3935 habituri.
1912 3871 2103 3936 Hanc
2128 3873 2299 3935 enim
2326 3875 2458 3955 ejus
2483 3874 2619 3935 ani·

659 3979 1140 4041 madvertebant
1158 3977 1643 4052 humanitatem,
1664 3978 1829 4040 unde
1854 3978 2099 4060 optima
2124 3999 2381 4060 quaeque
2401 3997 2618 4060 expec-

657 4083 857 4144 tanda
906 4082 1131 4156 forent,
1183 4080 1348 4142 nihil
1393 4082 1800 4144 metuendum
1866 4081 2113 4143 crudele
2152 4081 2255 4144 vel
2297 4081 2616 4163 injurium.

662 4187 756 4250 At
780 4185 1015 4247 milites
1052 4187 1487 4266 repatriantes,
1517 4207 1775 4268 quorum
1808 4187 1874 4247 in
1901 4186 2099 4248 tantis
2149 4187 2421 4268 negotiis
2447 4185 2619 4247 fideli

657 4312 851 4374 opera
868 4311 1013 4354 usus
1028 4290 1254 4364 fuerat,
1271 4280 1452 4373 larga
1468 4312 1660 4355 manu
1677 4292 1760 4354 ad
1779 4291 2045 4354 eundem
2067 4299 2319 4372 portum
2341 4291 2618 4362 donavit,

3132 4581 3183 4625 A
