3192 5050
757 625 974 673 ensrA
1015 622 1363 673 WILLELMI
1403 628 1607 674 Ducis
1647 626 2193 675 NORMANNORUM.
2298 616 2315 635 ·
2354 598 2471 681 137

557 840 577 859 .
593 768 640 831 J
643 790 747 831 am
782 770 1082 832 inclinato
1116 771 1218 833 die
1258 772 1428 833 haud
1455 771 1641 833 dubie
1668 772 1979 835 intellexit
2006 774 2311 835 exereitus
2338 773 2471 835 An·-

511 874 781 954 glorum,
822 895 886 937 se
914 884 1081 937 stare
1115 884 1339 938 eontra
1376 874 1778 938 Normannos
1810 878 2047 941 diutius
2091 899 2217 940 non
2243 878 2471 941 valere.

519 977 852 1042 Noverunt
902 1000 966 1041 se
1020 980 1359 1041 diminutos
1423 981 1687 1041 interitu
1738 981 2079 1043 multarum
2134 983 2471 1063 legionum,

516 1080 756 1163 Regem
783 1084 986 1165 ipsum
1013 1092 1078 1145 et
1103 1083 1329 1145 fratres
1355 1087 1504 1165 ejus,
1544 1084 1845 1166 regnique
1867 1083 2181 1147 Primates
2207 1086 2471 1147 nonnul-

511 1184 603 1247 los
621 1188 998 1249 occubuisse:
1027 1196 1329 1269 quotquot
1344 1188 1569 1268 reliqui
1589 1196 1737 1249 sunt
1757 1208 1943 1270 prope
1959 1190 2196 1251 viribus
2211 1190 2471 1251 exhaus-

515 1296 636 1351 tos:
657 1292 998 1353 subsidium
1016 1292 1180 1373 quod
1195 1299 1542 1373 expectent,
1559 1292 1801 1353 nullum
1818 1293 2125 1355 relictum.
2153 1292 2473 1357 Viderunt

519 1392 585 1454 N
587 1415 920 1457 ormannos
937 1417 1060 1457 non
1079 1396 1347 1457 multum
1365 1397 1705 1458 decrevisse
1722 1406 2187 1479 peremptorum
2204 1418 2366 1473 casu,
2387 1408 2471 1474 et,

515 1501 688 1578 quasi
703 1500 934 1561 virium
950 1502 1338 1562 incrementa
1351 1501 1688 1583 pugnando
1704 1510 2038 1577 sumerent,
2063 1502 2267 1565 aerius
2284 1522 2470 1584 quam

515 1601 581 1662 in
608 1604 913 1684 principio
939 1605 1306 1665 imminere:
1349 1604 1544 1666 Ducis
1587 1625 1727 1667 eam
1768 1607 2096 1683 saevitiam,
2134 1627 2269 1688 quoe
2310 1606 2471 1668 nulli

514 1716 732 1771 eontra
773 1710 966 1770 stanti
1007 1694 1323 1792 pareeret,
1365 1730 1504 1770 eam
1531 1709 1987 1785 fortitudinem,
2028 1731 2165 1793 quae
2189 1712 2311 1773 nisi
2345 1713 2472 1774 vic-

513 1812 642 1873 trix
669 1833 791 1873 non
829 1814 1192 1893 quiesceret.
1273 1811 1350 1874 In
1387 1813 1605 1895 fugam
1644 1816 1856 1896 itaque
1902 1816 2183 1877 conversi
2210 1823 2471 1897 quanto-

514 1917 644 1977 cius
687 1918 996 1993 abierunt,
1043 1918 1154 1979 alii
1194 1919 1392 1999 raptis
1433 1920 1625 1999 equis,
1667 1918 1955 1980 nonnulli
2009 1920 2284 2001 pedites3
2325 1940 2473 2001 pars

514 2040 626 2102 per
690 2022 842 2095 vias,
904 2021 1184 2102 plerique
1242 2042 1355 2103 per
1412 2024 1575 2084 avda.
1656 2020 1700 2084 J
1704 2030 2007 2083 acuerunt
2048 2024 2114 2083 in
2166 2024 2470 2104 sanguine

517 2126 624 2205 qui
669 2126 1040 2197 niterentur,
1088 2132 1199 2185 aut
1251 2131 1584 2205 surgerent
1627 2145 1753 2186 non
1799 2124 2080 2187 valentes
2121 2126 2477 2207 profugere.

514 2226 820 2289 Valentes
863 2227 1015 2287 feeit
1061 2226 1300 2307 aliquos
1345 2227 1613 2289 salutem
1675 2227 1857 2289 valde
1905 2228 2161 2308 cupiens
2206 2230 2471 2289 animus,

516 2331 713 2393 Multi
778 2332 1163 2394 silvestribus
1228 2333 1295 2392 in
1355 2332 1588 2393 abditis
1646 2340 2081 2393 remanserunt
2142 2333 2469 2406 eadavera,

512 2436 720 2517 plures
801 2435 1136 2497 obfuerunt
1227 2435 1626 2516 sequentibus
1703 2454 1816 2515 per
1894 2436 2129 2497 itinera
2193 2436 2467 2517 collapsi.

515 2541 585 2602 N
583 2543 890 2615 ormanni,
936 2541 1083 2602 lieet
1129 2541 1336 2622 ignari
1381 2540 1673 2620 regionis,
1728 2540 1909 2602 avide
1962 2541 2469 2622 insequebantur,-

511 2645 817 2706 eaedentes
860 2665 969 2706 rea
1011 2652 1210 2726 terga,
1263 2645 1655 2726 imponentes
1705 2663 1964 2706 manum
2019 2644 2310 2706 ultimam
2376 2666 2471 2707 se-

511 2749 714 2810 eundo
778 2749 1050 2830 negotio.
1130 2746 1194 2809 A
1259 2748 1524 2808 mortuis
1591 2748 1785 2808 etiam
1853 2767 2153 2828 equorum
2220 2749 2474 2830 ungulae⁴

511 2854 814 2935 supplicia
863 2875 1195 2936 sumpsere,
1250 2853 1400 2914 dum
1453 2872 1665 2914 cursus
1710 2850 1891 2914 fieret
1938 2872 2121 2934 super
2162 2856 2462 2935 jacentes,

514 2956 730 3020 Rediit
774 2967 985 3020 tamen
1033 2959 1418 3040 fugientibus
1457 2956 1856 3031 confidentia,
1899 2958 2103 3020 nactis
2145 2959 2229 3020 ad
2276 2979 2459 3021 reno-

511 3063 784 3123 vandum
812 3072 1128 3125 certamen
1173 3063 1518 3124 maximam
1562 3062 2119 3143 opportunitatem,
2164 3065 2464 3144 praerupti

512 3164 695 3226 vallis
720 3174 786 3227 et
812 3167 1232 3248 frequentium
1252 3166 1578 3228 fossarum.
1664 3163 1831 3226 Gens
1872 3166 2159 3246 equidem
2214 3163 2325 3227 illa
2358 3187 2479 3228 na-.

512 3275 658 3338 tura
709 3289 952 3351 semper
1004 3271 1070 3331 in
1125 3271 1360 3332 ferrum
1412 3277 1707 3350 prompta
1758 3268 1901 3343 fuit,
1954 3270 2329 3331 descendens
2381 3271 2465 3332 ab

510 3373 772 3454 antiqua
833 3373 1150 3435 Saxonum
1217 3374 1460 3454 origine
1532 3372 2052 3437 ferocissimorum
2118 3373 2469 3442 hominum,

513 3473 799 3557 Propulsi
845 3497 970 3538 non
1010 3476 1288 3550 fuissent,
1334 3477 1456 3538 nisi
1494 3475 1836 3538 fortissima
1872 3477 1938 3539 vi
1977 3485 2260 3558 urgente.
2342 3476 2464 3539 Rs-

509 3600 658 3662 gem
705 3579 1100 3656 Noricorum,
1148 3601 1378 3662 magno
1423 3580 1701 3642 exercitu
1747 3579 1981 3642 fretum
2016 3588 2101 3642 et
2152 3581 2468 3656 bellicoso,

511 3703 698 3764 quam
743 3684 925 3746 facile
952 3706 1151 3767 nuper
1174 3685 1477 3747 vicerunt.

598 3789 872 3854 Cernens
923 3797 1136 3851 autem
1189 3789 1464 3850 felicium
1531 3789 1853 3870 signorum
1900 3789 2123 3850 ductor
2179 3784 2467 3860 cohortes,

511 3899 835 3980 inopinato
875 3894 1184 3969 collectas,
1238 3895 1520 3975 quamvis
1561 3893 1810 3956 noviter
1864 3893 2158 3955 advenire
2204 3895 2469 3956 subsidi-2

510 4024 618 4064 um
645 4008 916 4084 putaret,
961 4020 1087 4061 non
1130 3997 1309 4060 flexit
1354 3999 1478 4059 iter
1527 3989 1731 4079 neque*
1775 3997 2075 4071 substitit,
2122 3998 2465 4062 terribilior

416 4111 419 4116 '
510 4126 652 4167 eum
677 4112 856 4188 parte
897 4104 1094 4166 hastae
1124 4123 1310 4184 quam
1349 4102 1617 4184 grandia
1656 4099 1893 4181 spicula
1930 4100 2267 4176 vibrantes,
2306 4101 2464 4165 Eus—

511 4209 790 4272 taehium
821 4207 1134 4270 Comitem
1160 4229 1303 4268 cum
1337 4205 1646 4268 militibus
1680 4205 2135 4286 quinquaginta
2160 4227 2464 4284 aversum,

505 4322 578 4374 et
605 4314 881 4396 receptui
905 4314 1086 4394 signa
1123 4332 1344 4374 canere
1371 4310 1704 4384 volentem,
1746 4330 1825 4371 ne
1866 4309 2070 4372 abiret
2107 4310 2277 4373 virili
2315 4333 2465 4374 voce
2570 4379 2576 4384 ,

511 4417 926 4500 compellavit.
1010 4417 1128 4480 Ille
1181 4425 1401 4480 contra
1453 4414 1853 4476 familiariter
1901 4415 1967 4476 in
2016 4437 2225 4476 aurem
2274 4414 2466 4478 Ducis

2102 4538 2143 4582 L
