3192 5050
758 625 980 674 oEs'rA
1020 624 1372 673 WILLELMI
1412 624 1617 672 Dnms
1660 598 2213 671 NonMANNoRU'M.
2413 608 2488 673 91

515 768 828 851 plicabile,
889 776 1109 831 natam
1157 788 1335 831 suam
1382 769 1565 831 nobis
1611 768 2111 851 acceptissimam
2160 768 2483 831 dominam

515 873 583 932 in
640 870 915 936 Pontivo
959 873 1092 954 ipse
1137 872 1544 954 praesentavit
1597 872 1827 933 soceris
1878 891 2233 953 generoque
2286 870 2481 953 digne

515 976 873 1039 adductam.
955 975 1331 1039 Enutrierat
1368 984 1585 1039 autem
1626 976 1901 1057 prudens
1937 984 2004 1037 et
2030 982 2250 1037 sancta
2274 984 2483 1038 mater

513 1081 582 1140 in
599 1079 736 1142 filia
757 1080 924 1163 quod
943 1080 1310 1142 muneribus
1327 1081 1609 1161 paternis
1624 1079 1937 1161 multuplo
1956 1080 2483 1162 praeponderaret.

514 1180 869 1265 Requirens
894 1204 1094 1266 genus
1122 1192 1504 1257 maternum,
1529 1185 1758 1245 matris
1783 1191 2031 1263 patrem
2060 1184 2218 1246 sciat
2239 1183 2483 1266 Regem

516 1284 740 1349 Galliae
766 1286 1136 1361 Robertum,
1167 1288 1298 1367 qui,
1332 1285 1500 1348 filius
1525 1294 1592 1347 et
1619 1306 1813 1367 nepos
1840 1284 2113 1367 Regum,
2141 1288 2481 1367 progenuit

514 1388 740 1471 Reges,
767 1392 943 1471 cujus
969 1389 1480 1451 laudabilitatem
1507 1390 1574 1450 in
1603 1388 1908 1469 religione
1936 1389 2171 1463 divina,
2208 1398 2275 1451 et
2300 1391 2485 1472 regni

512 1494 969 1573 gubernatione
996 1492 1222 1555 mundi
1246 1492 1468 1575 lingua
1505 1512 1634 1553 non
1672 1492 1932 1554 tacebit.
2016 1490 2493 1557 Introductioni·

513 1596 700 1678 hujus
725 1616 964 1678 sponso
991 1596 1220 1659 civitas
1247 1593 1735 1677 Rotomagensis
1760 1596 2034 1657 vacabat
2046 1596 2418 1677 jocundans.

595 1698 1067 1782 compellamur
1106 1701 1248 1762 istic
1285 1719 1396 1763 ore
1435 1700 1708 1782 quodam
1748 1702 1911 1782 gesti
1951 1700 2329 1783 pervulgati,
2369 1700 2485 1764 nec

513 1803 858 1867 Arcensem
893 1802 1209 1867 Comitem
1249 1802 1656 1867 Willelmum
1696 1806 2092 1886 properantis
2132 1805 2215 1867 ad
2254 1804 2486 1868 altiora

511 1908 645 1971 stili
669 1908 996 1971 celeritate
1022 1908 1362 1989 praeterire,
1389 1916 1460 1970 et
1498 1908 1708 1989 ipsum
1750 1909 2005 1989 quidem
2030 1910 2254 1991 patriae
2279 1909 2486 1991 lacry-

513 2012 634 2073 mis
674 2010 846 2073 ultra
885 2011 1234 2073 terminum
1267 2011 1433 2091 sequi
1477 2019 1546 2073 et
1591 2011 1764 2084 boni,
1819 2020 2131 2092 quantum
2176 2013 2244 2072 in
2290 2013 2484 2093 ipsius

511 2116 842 2178 conatibus
867 2114 1012 2189 fuit,
1052 2122 1398 2197 potentem.
1479 2113 1795 2196 Ignavam
1836 2118 2251 2197 propaginem
2293 2125 2485 2197 atque

512 2219 820 2301 perfidam
866 2220 1184 2301 praeclarae
1222 2218 1438 2301 stirpis
1483 2217 1841 2281 Guidonem
1877 2239 1997 2281 nec
2035 2220 2329 2283 humanae
2368 2242 2485 2283 nec

511 2323 744 2386 divinae
769 2322 928 2405 legis
968 2324 1153 2385 frena
1189 2324 1526 2384 retinuere.
1610 2320 1805 2384 Hunc
1846 2342 2049 2403 neque
2088 2323 2241 2397 haec,
2281 2344 2487 2406 neque

515 2424 822 2490 Guidonis
847 2427 1052 2501 ruina,
1093 2434 1400 2508 praeterea
1424 2444 1628 2505 neque
1670 2426 1891 2506 magni
1928 2426 2187 2488 victoris
2226 2446 2267 2489 a
2306 2427 2485 2491 nullo

509 2531 668 2593 victi
729 2531 1106 2593 admiranda
1146 2538 1215 2592 et
1259 2530 1464 2591 virtus
1506 2537 1574 2592 et
1626 2528 1919 2605 felicitae,
1973 2537 2351 2612 partumque
2407 2532 2489 2594 iis

510 2634 818 2715 inclytum
858 2655 1112 2697 nomen.
1195 2633 1378 2716 Quod
1419 2635 1488 2695 in
1531 2640 1903 2714 praestantes
1948 2634 2195 2698 animos
2238 2643 2307 2698 et
2353 2635 2490 2698 lau·

510 2739 722 2801 danda
747 2758 1004 2820 quaeque
1030 2738 1314 2800 facinora
1349 2738 1592 2820 erigere
1636 2737 1879 2813 debuit,
1926 2739 1995 2800 id
2036 2740 2103 2800 in
2148 2740 2488 2802 immoder-

511 2848 686 2904 atam
711 2841 1162 2904 confidentiam
1189 2861 1264 2904 ac
1289 2842 1483 2903 nimis
1509 2841 1711 2904 altam
1738 2842 2101 2904 extollendo
2127 2844 2487 2925 praecipita-

507 2945 604 3008 vit
618 2953 990 3027 utrumque3
1031 2952 1226 3019 ortus,
1251 2945 1569 3020 videlicet,
1606 2946 1706 3008 sui
1724 2946 1927 3008 nimia
1952 2947 2203 3009 notitia.
2276 2946 2491 3010 Ambo

509 3047 680 3108 enim
709 3048 958 3110 sinistre
977 3056 1292 3110 noverunt
1317 3049 1383 3109 in
1406 3049 1707 3130 progenie
1742 3069 1809 3112 se
1846 3051 2201 3131 computari
2230 3049 2488 3113 Ducum

512 3149 945 3214 Normanniae.
1027 3150 1399 3231 Burgundio
1428 3171 1494 3214 se
1521 3161 1817 3235 nepotem
1840 3153 2260 3217 Ricardorum
2288 3173 2324 3214 e
2354 3151 2495 3216 filia

507 3254 804 3316 secundi:
889 3253 1185 3316 Arcensis
1236 3254 1502 3316 fratrem
1558 3274 1623 3316 se
1678 3257 1875 3329 tertii,
1942 3255 2199 3317 secundi
2256 3254 2487 3329 filium,

505 3357 702 3440 primi
735 3363 1051 3437 nepotem.
1133 3356 1200 3418 Is
1242 3357 1324 3418 ab
1363 3357 1621 3428 ineunte
1648 3359 1828 3438 pueri
1854 3359 2213 3440 principatu
2250 3357 2487 3420 infidus

507 3461 570 3521 ei
611 3467 680 3520 et
715 3458 1028 3532 adversus,
1069 3478 1430 3540 quanquam
1479 3459 1856 3522 fidelitatem
1896 3463 2150 3542 juratus
2194 3469 2261 3522 et
2308 3460 2486 3522 obse-

509 3563 750 3644 quium,
795 3560 1054 3623 hostilia
1093 3563 1402 3642 agitabat,
1443 3565 1632 3625 modo
1672 3564 2032 3626 temeritate
2072 3583 2200 3627 non
2246 3564 2487 3625 latente

509 3667 822 3740 resistens,
848 3663 1258 3726 clandestinis
1283 3667 1606 3728 interdum
1635 3667 1812 3730 dolis.
1898 3665 2201 3748 Improba
2229 3665 2487 3748 quidem

509 3770 709 3829 animi
749 3767 944 3830 elatio
983 3767 1284 3830 facillime
1313 3770 1635 3832 hominem
1665 3772 1733 3831 in
1762 3791 1861 3832 res
1886 3771 2155 3852 injustas
2178 3769 2490 3831 detrudit.

514 3871 736 3936 Motus
779 3873 1237 3934 dissensionum
1291 3874 1686 3955 aliorumque
1732 3876 2019 3956 superius
2071 3893 2490 3936 commemor-

510 3979 722 4040 atione
769 3978 1098 4060 aliquanta
1141 3980 1529 4060 digestorum
1571 3978 1909 4053 malorum,
1952 3979 2287 4040 nonnullos
2331 3979 2491 4060 ipse,

510 4089 700 4162 eaput
726 4081 1092 4163 principale,
1120 4083 1483 4157 concitavit,
1510 4083 1839 4164 plerosque
1866 4082 2170 4164 exemplo,
2209 4081 2491 4154 consilio,

511 4183 750 4258 favore,
791 4193 856 4248 et
884 4187 1120 4251 auxilio
1161 4187 1472 4261 incitavit,
1515 4187 1713 4261 auxit,
1756 4185 2173 4250 confirmavit.
2258 4183 2499 4256 Multa,

2126 4307 2176 4351 H
2206 4289 2244 4348 2
