3192 5050
691 585 769 648 14
1089 604 1304 652 semp.
1335 604 1578 653 RERUM
1606 606 1797 654 ons‘r.
1828 608 2179 659 WILLELMI
2208 613 2256 659 1.

686 743 986 824 quisitam
1011 744 1121 808 ille
1147 754 1214 809 et
1239 747 1515 810 haeredes
1539 756 1683 830 post
1712 770 1858 812 eum
1892 753 2318 834 possederunt,
2344 773 2539 836 usque
2564 756 2649 819 ad

685 843 1041 910 Henricum
1081 871 1295 932 regem
1339 852 1447 932 qui
1485 852 1676 914 modo
1714 873 1858 917 eam
1904 857 2074 938 regit
2112 865 2180 918 et
2224 858 2517 939 possidet,
2556 859 2648 922 sic

683 950 939 1029 quidam
964 961 1329 1034 computare
1355 954 1576 1016 solent.
1647 954 1851 1031 Rollo,
1878 959 2193 1038 inquiunt,
2212 959 2401 1042 hujus
2417 981 2647 1042 genea-

683 1051 868 1133 logiae
882 1053 1005 1116 fuit
1021 1056 1278 1135 primus,
1356 1055 1727 1120 Willolmus
1743 1081 1895 1122 vero
1906 1060 2075 1123 fflius
2094 1066 2227 1145 ejus
2254 1065 2364 1144 qui
2380 1072 2645 1126 vocatur

684 1152 1134 1239 Longa—spata,
1191 1160 1496 1220 secundus
1563 1163 1818 1224 extitit:
1882 1161 2191 1226 Ricardus
2256 1186 2408 1227 vero
2476 1165 2644 1228 filins

681 1256 871 1338 hujus
923 1258 1243 1324 Willelmi
1294 1263 1524 1325 tertius
1578 1263 1743 1327 fuit:
1787 1264 2099 1328 Ricardus
2152 1267 2341 1349 hujus
2380 1267 2642 1331 Ricardi

681 1358 867 1437 filius,
902 1365 1012 1444 qui
1039 1364 1387 1427 Abbatiam
1416 1363 1717 1428 Fiscanni
1742 1371 2113 1443 construxit,
2156 1371 2224 1430 in
2251 1379 2479 1451 quarto
2503 1371 2641 1434 loco

679 1472 821 1544 post
847 1465 1182 1530 Rollonem
1224 1466 1630 1532 Nox-mannos
1656 1472 1840 1534 rexit.
1922 1471 2239 1534 Robertus
2281 1493 2433 1536 vero
2472 1473 2641 1536 filius

677 1566 865 1647 hujus
907 1568 1185 1645 Ricardi,
1244 1572 1354 1652 qui
1411 1572 1709 1635 Abbatiae
1758 1571 1998 1636 Gerasii
2059 1575 2359 1637 fundator
2404 1577 2639 1651 extitit,

676 1677 745 1730 et
769 1668 1126 1734 Jerusalem
1151 1674 1447 1755 perrexit,
1491 1676 1603 1736 sed
1629 1676 1782 1736 dum
1814 1675 2238 1738 reverteretur
2262 1679 2429 1752 inde,
2468 1679 2638 1761 apud

680 1770 914 1835 Nicam
966 1776 1168 1838 vitam
1237 1784 1609 1857 praesentem
1673 1777 1904 1851 finivit,
1973 1778 2162 1864 liujus
2212 1782 2639 1860 generationis

675 1877 934 1955 quintus
961 1876 1185 1956 Comes
1207 1877 1725 1942 Normannorum
1758 1881 1994 1971 extitit.
2074 1878 2443 1944 Willelmus
2466 1903 2639 1958 vero,

539 2033 544 2036 .
675 1979 864 2060 hujus
890 1980 1158 2044 Roberti
1186 1980 1373 2056 filius,
1418 1980 1885 2058 Normanniam
1926 1991 1993 2046 et
2018 1984 2324 2065 Angliam
2359 1987 2641 2068 possedit

673 2092 742 2145 et
785 2093 962 2147 sexto
997 2085 1136 2148 loco
1179 2087 1492 2148 successit.
1573 2085 1729 2148 Post
1765 2087 1949 2150 illum
1994 2097 2210 2151 autem
2261 2091 2331 2151 in
2368 2091 2637 2172 septimo

672 2186 810 2251 loco
861 2187 1119 2252 fuerunt
1162 2188 1282 2252 filii
1328 2193 1383 2271 ej
1391 2210 1482 2264 us,
1517 2210 1599 2252 ex
1623 2190 1851 2272 quibus
1902 2190 2071 2254 solus
2115 2191 2437 2256 Henricus
2480 2202 2633 2256 tunc

672 2291 742 2355 N
740 2294 1140 2356 ormanniam
1159 2302 1226 2356 et
1252 2294 1556 2376 Angliam
1582 2294 1875 2376 possedit.
1959 2294 2113 2377 Quis
2143 2317 2293 2360 vero
2318 2305 2460 2379 post
2484 2318 2633 2360 eum

667 2396 784 2460 has
817 2405 1019 2460 terras
1059 2398 1400 2480 possidebit
1425 2404 1492 2459 et
1533 2417 1840 2478 possessas
1870 2399 2271 2480 gubernabit,
2304 2401 2632 2482 generatio

665 2521 804 2583 quae
829 2509 983 2566 tunc
1007 2501 1131 2563 erit
1155 2501 1368 2564 videre
1394 2501 1649 2582 poterit.

1021 2601 1140 2665 Ubi
1174 2602 1425 2683 sepulta
1448 2603 1676 2683 jacent
1714 2603 1939 2665 horam
1978 2622 2275 2685 corpora.

747 2706 936 2770 Rollo
959 2714 1027 2768 et
1057 2704 1426 2768 Willelmus
1458 2704 1630 2767 filius
1664 2708 1797 2785 ejus
1827 2708 2044 2787 jacent
2082 2707 2253 2787 apud
2278 2705 2629 2771 Rothoma-

665 2832 820 2893 gum
847 2811 916 2871 in
942 2809 1204 2871 ecclesia
1225 2809 1428 2870 beatae
1457 2806 1705 2881 Μαι-1116,
1750 2827 1887 2887 quae
1926 2815 2023 2870 est
2048 2817 2239 2889 caput
2264 2809 2626 2891 Archiepis-

662 2920 940 2994 copatus.
1008 2909 1315 2974 Ricardus
1339 2930 1490 2973 vero
1508 2908 1677 2971 filius
1702 2908 2022 2971 Willelmi
2036 2918 2105 2972 et
2128 2910 2291 2973 alius
2318 2910 2628 2975 Ricardus

655 3020 872 3098 jacent
898 3012 1223 3086 Fiscanni3
1253 3011 1570 3075 Robertus
1582 3032 1733 3075 vero
1751 3011 2013 3076 Ricardi
2030 3011 2217 3087 filius,
2241 3015 2351 3095 qui
2376 3016 2625 3079 rediens

661 3119 740 3180 dc
768 3116 1176 3179 Hierusalem
1199 3116 1402 3177 vitam
1427 3123 1800 3196 praesentem
1816 3113 2045 3189 finivit,
2070 3116 2139 3177 in
2169 3113 2339 3178 Nica
2362 3118 2623 3179 civitate

660 3221 940 3304 sepultus
975 3219 1255 3301 quiescit.
1335 3217 1707 3281 Willelmus
1741 3238 1893 3281 vero
1937 3217 2204 3281 Roberti
2248 3217 2417 3282 filius
2449 3223 2624 3302 jacet

663 3323 929 3386 Cadomi
954 3324 1022 3383 in
1050 3320 1334 3383 Ecclesia
1355 3321 1532 3383 beati
1556 3319 1886 3402 Stephani,
1912 3340 2105 3401 quam
2130 3320 2262 3403 ipse
2282 3321 2619 3386 edificavit.

660 3427 844 3491 Fecit
859 3435 1075 3490 autem
1093 3426 1213 3489 iste
1230 3425 1601 3488 Willelmus
1614 3433 1747 3487 tres
1765 3425 2081 3487 Abbatias
2101 3424 2179 3486 dc
2196 3426 2475 3488 dominio
2486 3446 2617 3501 suo,

658 3531 816 3593 duas
837 3529 1121 3603 Oadomi,
1147 3548 1342 3590 unam
1367 3529 1447 3590 de
1473 3527 1803 3590 monachis
1828 3527 1941 3589 ubi
1968 3527 2099 3608 ipse
2104 3529 2295 3607 jacet,
2316 3528 2510 3591 aliam
2538 3530 2618 3592 de

655 3631 1238 3696 sanctimonialibus
1265 3632 1377 3693 ubi
1413 3650 1573 3692 uxor
1613 3632 1749 3710 ejus
1784 3627 2078 3691 Matildis
2110 3630 2331 3711 regina
2370 3631 2619 3712 sepulta

653 3744 771 3798 est.
852 3734 1036 3798 Fecit
1077 3742 1292 3798 autem
1325 3741 1391 3795 et
1435 3733 1699 3795 tertiam
1735 3732 1804 3792 in
1838 3732 2081 3813 Anglia
2104 3733 2171 3792 in
2198 3752 2273 3794 eo
2306 3731 2463 3806 1000,
2502 3734 2615 3796 ubi

655 3838 967 3903 Dominus
992 3840 1054 3901 ei
1070 3838 1404 3901 victoriam
1421 3836 1653 3898 tribuit
1678 3836 1757 3897 de
1776 3835 2050 3897 inimicis
2068 3836 2196 3897 suis
2212 3855 2229 3909 ;
2258 3854 2395 3916 quoe
2408 3835 2615 3899 multo

653 3943 917 4004 minoris
940 3942 1133 4023 pretii
1158 3948 1255 4003 est
1273 3960 1465 4021 quam
1482 3940 1705 4001 fuisset
1730 3940 1785 4001 si
1808 3958 1952 4000 eam
1972 3937 2261 4000 dedicare
2285 3939 2611 4019 potuisset.

654 4044 863 4126 Quum
889 4045 1061 4107 6111111
1087 4063 1230 4105 eam
1257 4043 1534 4124 primum
1579 4041 1856 4122 incoepit,
1901 4040 2208 4119 cogitavit
2232 4060 2375 4101 eam
2403 4040 2611 4105 facere

652 4167 846 4211 unam
897 4148 978 4209 de
1031 4146 1376 4228 majoribus
1401 4153 1468 4206 et
1514 4144 1852 4206 ditioribus
1889 4140 2165 4204 ecclesiis
2201 4142 2473 4224 Angliae,
2498 4146 2609 4207 sed

651 4258 1004 4334 praeventus
1042 4258 1249 4312 morte
1293 4269 1422 4312 non
1462 4248 1673 4328 potuit
1718 4246 1923 4307 facere
1977 4245 2139 4307 sicut
2196 4246 2604 4327 cogitaverat.
