3192 5050
16 333 25 371 ἡ
17 0 31 231 -—-u.

737 629 852 693 122
1132 649 1344 698 solur.
1385 650 1627 701 RERUM
1664 652 1853 701 ens‘r.
1896 655 2245 703 WILLELMI
2286 657 2331 702 1.

735 790 1048 873 indigeret
1073 793 1238 858 freta
1263 796 1362 858 his
1398 796 1691 860 Romana
1724 798 2118 880 Respublica,
2158 802 2229 874 si,
2258 809 2493 881 quanta
2518 798 2687 880 apud

733 905 992 974 veteres,
1059 921 1225 962 nunc
1276 902 1558 984 polleret.
1641 902 1721 965 In
1762 905 1939 965 omni
1972 911 2188 966 tamen
2234 904 2685 965 deliberatione

733 1004 1080 1084 prudentiae
1105 1006 1401 1088 principis
1443 1028 1483 1069 a
1522 1008 1763 1069 cunctis
1788 1029 2143 1071 concessum
2169 1009 2355 1070 fuisse
2383 1007 2685 1088 comperi-

733 1129 890 1183 muS,
931 1131 1004 1172 ac
1039 1112 1092 1173 si
1117 1120 1329 1173 mente
1361 1113 1594 1187 divina,
1636 1118 1674 1145 ‘⁶
1702 1114 1855 1194 quid
1878 1114 2190 1193 agendum
2233 1113 2413 1187 foret,
2454 1121 2566 1175 aut
2590 1113 2684 1175 vi-

730 1213 1054 1289 tandum,”
1068 1226 1494 1298 praenosceret.
1577 1216 1689 1281 Pie
1712 1219 2037 1300 clyentibus
2056 1216 2227 1280 Deus
2246 1218 2419 1280 dedit
2436 1216 2683 1297 sapien-

731 1324 906 1397 tiam,
945 1325 1039 1385 ait
1083 1324 1340 1405 quidam
1392 1324 1631 1404 peritus
1677 1323 2049 1385 divinorum.
2161 1321 2279 1385 Ille
2328 1332 2539 1383 autem
2596 1320 2677 1381 ab

731 1427 1005 1490 infantia
1045 1429 1146 1509 pie
1181 1428 1574 1509 operabatur.
1660 1426 1979 1508 Quantum
2021 1446 2171 1489 vero
2207 1427 2427 1506 jubere
2472 1425 2680 1496 libuit,

731 1540 1001 1606 tantum,
1029 1534 1151 1593 nisi
1168 1534 1502 1593 necessitas
1521 1531 1869 1603 obsisteret,
1894 1550 2157 1611 paruere
2183 1530 2413 1592 cuncti.
2476 1528 2678 1610 Quam

733 1638 929 1717 igitur
959 1636 1255 1718 prudenti
1297 1637 1487 1717 ipsius
1522 1636 1923 1715 dispositione
1943 1655 2133 1697 naves
2166 1634 2425 1707 fierent;
2468 1636 2679 1707 armiS,

729 1742 900 1815 viris,
947 1748 1318 1814 commeatu,
1371 1740 1633 1820 aliisque
1685 1740 1887 1812 rebuS,
1929 1760 2065 1819 quae
2116 1739 2282 1800 bello
2328 1747 2474 1801 sunt
2520 1741 2678 1811 usui,

730 1846 1222 1917 instruerentur,
1264 1844 1534 1925 qualiter
1557 1842 1753 1904 totius
1791 1840 2201 1903 Nol-manniae
2236 1844 2445 1905 studia
2479 1842 2679 1903 ferve-

729 1958 905 2022 rent3
945 1949 1256 2031 prolixum
1295 1956 1390 2010 est
1415 1969 1526 2029 per
1551 1946 1799 2027 singula
1826 1966 2137 2008 enarrare.
2222 1945 2444 2028 Neque
2470 1948 2679 2007 minus

727 2055 983 2136 provide
1009 2055 1331 2136 disposuit,
1371 2054 1479 2135 qui
1507 2050 1970 2115 Normanniam
1998 2072 2062 2113 se
2090 2054 2345 2115 absente
2370 2054 2678 2133 guberna-

727 2168 870 2222 rent
909 2181 984 2223 ac
1024 2168 1402 2222 tutarentur.
1485 2157 1795 2220 Convenit
1838 2158 2030 2218 etiam
2074 2166 2365 2221 externus
2397 2159 2578 2221 miles
2608 2162 2675 2221 in

725 2265 1028 2327 auxilium
1056 2265 1355 2346 copiosus,
1383 2283 1535 2344 quos
1553 2284 1631 2325 ex
1657 2269 1835 2343 parte
1862 2262 2189 2324 notissima
2207 2263 2380 2324 ducis
2404 2263 2678 2325 liberali-

725 2377 843 2443 tas,
883 2390 1101 2431 verum
1127 2389 1344 2429 omnes
1363 2371 1546 2449 justae
1567 2387 1767 2428 causae
1787 2364 2016 2427 fiducia
2034 2368 2363 2429 contraxit.
2426 2366 2676 2449 Rapina

724 2476 897 2536 omni
937 2474 1292 2547 interdicta,
1333 2472 1645 2554 stipendio
1690 2471 1883 2553 ipsius
1928 2470 2133 2533 millia
2177 2472 2453 2534 militum
2497 2474 2674 2554 quin-

725 2580 1028 2660 quaginta
1081 2578 1433 2650 alebantur,
1481 2578 1632 2637 dum
1678 2569 2008 2639 ventorum
2062 2577 2539 2639 incommoditas
2592 2579 2671 2640 ad

722 2681 982 2743 Portum
1011 2681 1192 2744 Divae
1219 2682 1543 2742 detinebat
1569 2700 1750 2741 mora
1773 2687 2137 2741 menstrua:
2194 2701 2271 2741 ea
2296 2680 2465 2742 illius
2511 2690 2671 2742 tem-

721 2787 1011 2868 perantia
1075 2786 1199 2848 fuit
1264 2807 1336 2848 ac
1396 2786 1749 2867 prudentia.
1830 2785 2142 2848 Militibus
2201 2794 2266 2847 et
2324 2786 2672 2867 hospitibus

723 2890 970 2951 abunde
998 2898 1278 2971 sumptus
1304 2890 1803 2965 ministrabatur,
1840 2893 2079 2954 nemini
2106 2911 2324 2972 rapere
2352 2891 2669 2971 quippiam

721 2994 1193 3055 concedebatur.
1275 2977 1764 3056 Provincialium
1805 3003 1947 3057 tuto
1985 3003 2272 3057 armenta
2310 2993 2411 3057 vel
2450 3014 2673 3074 greges

719 3099 1137 3180 pascebantur
1161 3117 1268 3158 seu
1287 3118 1400 3178 per
1418 3100 1812 3180 campestria,
1834 3121 1942 3162 seu
1961 3123 2075 3182 per
2093 3109 2329 3182 tesqua.
2413 3100 2670 3185 Segetes

720 3203 944 3264 falcem
991 3202 1248 3264 cultoris
1289 3203 1540 3263 intactae
1593 3206 2025 3285 expectabant,
2066 3227 2217 3286 quas
2262 3229 2376 3269 nec
2422 3211 2673 3271 attrivit

719 3309 985 3389 superba
1010 3308 1290 3388 equitum
1313 3305 1549 3380 effusio,
1566 3327 1681 3368 nec
1694 3309 2030 3371 demessuit
2049 3309 2397 3390 pabulator.
2454 3311 2669 3374 Homo

717 3410 1067 3484 imbecillis,
1107 3419 1218 3472 aut
1246 3411 1520 3484 inermis,
1547 3432 1708 3492 equo
1734 3420 1997 3474 cantans
2016 3434 2141 3493 qua
2164 3413 2353 3476 libuit
2377 3417 2668 3477 vectaba-

712 3524 854 3589 tur3
895 3525 1136 3577 turmas
1160 3515 1438 3576 militum
1463 3536 1740 3590 cernens,
1779 3537 1905 3578 non
1932 3518 2385 3580 exhorrescens

796 3619 1103 3702 Tempore
1130 3620 1348 3680 eodem
1377 3619 1635 3681 sedebat
1661 3621 1727 3680 in
1756 3620 2056 3682 cathedra
2095 3624 2296 3683 sancti
2326 3622 2502 3685 Petri
2538 3623 2666 3687 Ro-

713 3746 833 3785 mae
863 3723 1038 3805 Papa
1065 3723 1442 3796 Alexander,
1483 3723 1883 3804 dignissimus
1908 3724 2010 3786 cui
2028 3725 2330 3799 obediret,
2359 3748 2666 3808 quemque

712 3828 1060 3891 consuleret
1086 3827 1346 3890 ecclesia
1393 3827 1697 3888 universa.
1781 3826 2103 3910 Responsa
2147 3832 2383 3893 etenim
2436 3833 2664 3894 edebat

702 3937 875 4014 justa
917 3933 1354 4012 salutariaque.
1436 3929 1502 3992 Is
1547 3931 1773 4012 praesul
1822 3930 2163 4006 LuciensiS,
2202 3956 2345 3995 cum
2373 3935 2662 3997 altiorem

706 4037 972 4118 gradum
998 4036 1356 4098 nullatenus
1396 4043 1739 4116 appeteret,
1778 4036 2055 4099 violento
2080 4037 2492 4119 plurimorum
2518 4061 2665 4102 con-

703 4161 902 4213 sensu,
943 4161 1205 4220 quorum
1233 4140 1399 4221 apud
1428 4137 1745 4201 Romanos
1770 4147 1921 4200 tunc
1955 4140 2351 4221 praecellebat
2397 4146 2664 4206 auctori-

702 4254 820 4318 tas,
848 4244 1093 4325 ingenti
1113 4243 1377 4304 concilio
1399 4245 1795 4316 assentiente,
1824 4244 1889 4303 in
1910 4265 1984 4306 eo
1998 4244 2237 4306 locatus
2253 4254 2347 4308 est
2366 4249 2665 4328 primatu,

701 4372 823 4433 quo
850 4348 1182 4431 praesulum
1205 4348 1376 4409 orbis
1400 4356 1583 4408 terrae
1600 4355 1787 4428 caput
1809 4349 2102 4409 existeret
2124 4357 2311 4430 atque
2339 4354 2659 4432 magister.
