3192 5050
770 622 987 670 GnsrA
1027 620 1375 670 erLELm
1415 620 1620 667 nucls
1658 618 2204 667 NoRMANNoRUM.
2346 604 2464 666 119

519 766 750 829 electro
788 768 1112 839 cariorem,
1144 767 1438 847 omnique
1465 764 1673 846 lapide
1697 765 1827 827 sive
1852 782 2106 845 gemma
2128 762 2465 845 splendidi-

513 891 705 933 orem.
750 868 1155 933 Venerantur
1169 890 1243 931 ac
1259 868 1535 949 diligunt
1549 867 2120 931 reverentissimum
2137 866 2463 948 praesulem

513 975 913 1047 monasteria,
931 973 1170 1054 synodi,
1187 974 1374 1034 curiae
1392 994 1408 1046 ;
1427 980 1500 1034 ut
1515 972 1909 1053 prudentem,
1928 971 2024 1032 ita
2038 969 2463 1051 eloquentem;

515 1087 588 1140 ut
626 1081 886 1159 justum,
914 1080 1008 1141 ita
1033 1078 1389 1150 discretum,
1430 1077 1539 1157 qui
1586 1096 1703 1137 nec
1744 1076 2019 1157 pecuniae
2045 1094 2320 1156 unquam
2370 1074 2462 1137 fa-

513 1190 660 1245 veat
685 1190 797 1245 aut
821 1184 1062 1263 gratiae,
1089 1182 1218 1245 sive
1245 1182 1313 1242 in
1333 1181 1590 1262 judicio,
1618 1180 1749 1243 sive
1774 1180 1842 1241 in
1872 1179 2135 1242 concilio
2161 1179 2462 1241 sententi-

513 1307 618 1349 am
643 1287 873 1349 dicens.
955 1284 1098 1367 Ipse
1123 1284 1422 1367 profecte,
1450 1305 1591 1345 cum
1621 1284 2037 1366 deponeretur
2062 1282 2462 1364 archipraesul

514 1388 881 1471 Malgerius,
898 1410 1020 1466 vox
1033 1388 1294 1469 justitiae
1314 1407 1536 1449 sonora
1553 1386 1697 1461 fuit,
1714 1394 2076 1449 constanter
2094 1405 2463 1468 permanens

512 1493 579 1553 in
597 1501 773 1573 parte
790 1491 934 1567 Dei,
959 1499 1216 1573 propter
1230 1489 1438 1553 Deum
1455 1490 1761 1552 damnans
1776 1486 1977 1551 filium
1996 1489 2225 1571 patrui.
2266 1486 2464 1550 Exhi-

511 1597 620 1658 bet
645 1616 712 1659 se
750 1596 1052 1660 blandum
1084 1616 1158 1657 ac
1185 1614 1468 1657 severum
1510 1593 1951 1656 decentissima
1989 1594 2057 1654 in
2085 1593 2461 1655 alterutrum

511 1701 1006 1782 permutatione3
1033 1700 1267 1761 nullius
1293 1698 1584 1772 hominis,
1612 1699 1817 1759 omnis
1842 1698 2005 1772 vitii,
2031 1696 2305 1759 clemens
2323 1717 2462 1779 per-

511 1812 772 1878 secutor,
819 1804 960 1886 pius
1010 1802 1318 1865 inimicus
1403 1800 1719 1883 Subjectis
1763 1798 2121 1865 fidelissime
2174 1800 2463 1879 consulit,

510 1908 963 1989 comparandus
988 1908 1326 1989 prudenter
1351 1906 1763 1987 diligentibus
1799 1906 2102 1987 patribus,
2140 1906 2247 1987 qui
2285 1908 2462 1986 juve-

510 2031 664 2073 num
717 2010 990 2073 filiorum
1036 2031 1163 2073 non
1188 2019 1325 2073 tam
1369 2018 1520 2073 vota
1564 2009 1852 2089 cogitant
1879 2028 2068 2089 quam
2116 2008 2461 2070 commoda.

513 2112 716 2177 Favet
734 2113 1195 2196 congratulans,
1221 2121 1288 2175 et
1307 2112 1651 2175 auxiliatur
1676 2110 1868 2171 coelici
1894 2111 2062 2192 regis
2087 2109 2368 2191 quolibet
2393 2111 2461 2171 in

509 2218 728 2279 ordine
747 2217 1090 2279 militibus:
1118 2218 1185 2279 in
1204 2216 1609 2279 veneratione
1628 2214 1907 2277 militum
1928 2221 1994 2275 et
2012 2234 2225 2275 amore
2246 2234 2460 2295 regem

511 2323 716 2404 ipsum
741 2320 966 2384 colens·
1051 2319 1158 2383 Sic
1184 2340 1428 2402 semper
1453 2320 1766 2381 humanus
1784 2319 1963 2394 vivit,
1989 2320 2077 2381 sic
2104 2319 2463 2394 abstemius,

515 2434 588 2488 ut
615 2426 1040 2488 indesinenter
1065 2422 1288 2487 afferat
1306 2423 1549 2487 homini
1575 2423 1817 2505 cuique,
1853 2423 2074 2504 saepius
2098 2430 2313 2484 tamen
2338 2443 2465 2485 non

511 2531 810 2605 redituro,
846 2530 1112 2612 prandia
1148 2549 1278 2604 sua,
1315 2527 1456 2592 Deo
1481 2529 1723 2610 jejunia
1762 2547 1891 2590 sua.
1972 2525 2267 2590 Hilarem
2294 2548 2359 2590 se
2398 2536 2465 2590 et

511 2635 948 2697 communione
973 2641 1227 2716 gratum
1253 2633 1514 2694 minime
1539 2631 1962 2706 vilescentem,
2001 2651 2231 2694 mensae
2268 2632 2464 2694 abun·

512 2738 694 2800 danti
745 2746 811 2800 et
863 2737 1050 2800 lautae
1101 2758 1228 2799 non
1276 2737 1582 2818 denegat:
1649 2743 1864 2818 gustat
1902 2736 2166 2819 imperio
2204 2745 2462 2812 naturae,

511 2862 636 2904 non
690 2841 998 2925 epulatur.
1105 2839 1382 2904 Pascunt
1437 2862 1581 2903 eum
1638 2840 1891 2915 delitiae,
1959 2841 2185 2922 quibus
2236 2842 2463 2903 animae

511 2947 853 3008 esurientes
877 2953 1115 3008 aeterna
1144 2946 1314 3028 pasci
1353 2945 1729 3020 desiderant,
1769 2964 1922 3026 quas
1962 2943 2314 3009 Paraclitus
2351 2968 2465 3010 cae-

512 3049 686 3112 lestis
719 3050 971 3112 dulcore
1011 3050 1291 3112 infundit
1324 3050 1725 3113 suavissimo:
1778 3050 2055 3112 excubiae
2078 3051 2466 3114 orationibus

512 3162 824 3228 vacantes,
869 3155 1226 3218 divinorum
1272 3152 1618 3216 officiorum
1665 3152 1943 3215 studiosa
1992 3153 2465 3230 concelebratiO,

511 3278 702 3320 sacrae
745 3257 1140 3320 bibliothecae
1191 3256 1396 3318 cultus
1440 3256 1903 3338 perfamiliaris,
1949 3257 2216 3339 denique
2261 3261 2464 3320 sancti

513 3365 806 3443 cujusque
827 3363 1030 3445 operis
1056 3360 1396 3424 indefessus
1421 3363 1618 3423 amor.
1684 3359 1829 3434 His,
1856 3361 2132 3442 inquam,
2158 3364 2463 3445 praecipue

514 3465 878 3539 delectatur,
922 3465 1022 3526 his
1063 3465 1246 3527 avide
1287 3465 1582 3545 pascitur,
1628 3465 1901 3545 optimus
1940 3465 2239 3527 dominici
2282 3467 2465 3530 ovilis

511 3579 727 3654 pastor
785 3568 999 3652 Hug0.
1100 3568 1180 3632 In
1241 3568 1516 3632 adversis
1573 3570 1902 3632 eventibus
1958 3573 2329 3646 constantia,
2396 3575 2463 3634 in

511 3676 796 3739 secundis
843 3674 1150 3737 modestia
1191 3673 1457 3756 parilem
1481 3673 1733 3736 laudem
1772 3676 2187 3756 consequitur,
2232 3677 2465 3741 nullius

512 3781 788 3863 cupidus.
909 3776 1192 3859 Linguas
1254 3785 1540 3840 amantes
1605 3777 1877 3840 alienam
1943 3777 2178 3840 famam
2240 3779 2463 3844 laedere

512 3886 668 3947 adeo
721 3885 913 3947 sensit
963 3882 1432 3956 abominandas,
1497 3891 1571 3943 ut
1636 3901 1853 3944 aurem
1905 3902 2081 3944 suam
2133 3886 2465 3964 pravitatis

511 4010 728 4052 earum
775 4009 1096 4071 nunquam
1151 3995 1378 4050 testem
1430 3987 1730 4048 adhibere
1781 3986 1957 4047 velit.
2037 3986 2463 4052 Altitudinem

512 4113 686 4156 suam
744 4091 1128 4154 admirandae
1165 4090 1544 4153 humilitatis
1580 4088 1913 4171 privilegio
1952 4091 2267 4167 sublimat,
2320 4115 2465 4156 con-

512 4199 848 4259 tinentiam
902 4204 968 4258 et
1012 4197 1279 4259 virtutes
1332 4194 1621 4275 reliquas,
1674 4194 1831 4264 item
1884 4213 2277 4277 quascunque
2327 4199 2465 4280 pias

513 4302 922 4383 operationes,
987 4321 1065 4362 ea
1120 4300 1442 4364 tutissima
1486 4306 1676 4380 atque
1728 4297 2141 4362 saluberrima
2190 4302 2463 4376 custode,
