3192 5050
679 614 797 681 176
1050 630 1262 679 861111).
1303 628 1546 678 RERUM
1584 630 1775 678 ensr.
1818 630 2167 678 w11.1.E1.M1
2206 631 2254 679 1.

757 773 882 855 Qui
907 782 973 836 te
998 776 1195 849 novit,
1221 775 1372 836 dum
1398 783 1464 837 te
1490 782 1731 857 pensat,
1756 794 1882 837 non
1909 782 2005 837 est
2030 775 2163 837 sine
2188 774 2287 836 lac
2473 774 2549 835 is.

760 878 868 941 Sic
892 879 1069 942 fuisti
1094 880 1246 941 dum
1270 880 1504 954 vixisti,
1522 880 1813 961 prudens,
1838 880 2056 953 bonus,
2082 880 2349 961 sapiens,

755 981 848 1045 Et
871 983 940 1044 in
965 984 1151 1045 rebus
1175 984 1480 1047 universis
1503 984 1819 1066 sapienter
1841 984 2153 1066 gradienS,

757 1086 856 1151 Ut
880 1108 1007 1151 non
1033 1089 1155 1151 tibi
1180 1109 1395 1171 parem
1423 1088 1621 1151 habet
1648 1088 1855 1150 oriens
1879 1087 1982 1151 vel
2006 1087 2308 1151 occidens.

755 1192 945 1256 Unde
964 1196 1107 1275 jure
1133 1194 1542 1256 contristatur
1566 1214 1753 1256 omne
1778 1213 2046 1275 praesens
2070 1192 2365 1265 seculum,

755 1297 1108 1361 Perdidisse
1133 1318 1200 1362 se
1226 1298 1556 1381 deplorans
1573 1298 1732 1361 lucis
1758 1318 1885 1361 suae
1908 1297 2244 1380 speculum,

755 1401 968 1484 Atque
993 1422 1230 1465 normae
1257 1400 1631 1465 Christianae
1655 1421 1956 1483 maguum
1975 1399 2483 1483 gubernaculum.

753 1504 959 1581 Eheu,
984 1506 1164 1581 eheu,
1190 1526 1591 1589 properemus
1616 1506 1808 1568 istum
1835 1504 1987 1568 flere
2014 1505 2183 1579 socii,

755 1608 950 1692 Cujus
975 1630 1189 1673 sumus
1213 1618 1525 1673 amatores
1549 1609 1877 1693 plusquam
1907 1609 2113 1672 omnis
2136 1606 2385 1689 populi3

756 1712 826 1777 N
825 1736 896 1777 ec
920 1723 1208 1797 optemus
1233 1735 1274 1776 a
1298 1714 1580 1795 singultu
1606 1722 1855 1795 tempus
1880 1712 2080 1775 ullum
2105 1712 2251 1775 otii:

754 1816 956 1881 Nulla
980 1819 1114 1881 dies
1129 1818 1233 1881 vel
1256 1827 1646 1881 momentum
1673 1818 1807 1880 sine
1825 1816 2002 1879 luctu
2026 1823 2340 1879 transeat:

755 1921 998 1986 Tantus
1021 1943 1250 1986 moeror
1274 1922 1353 1985 de
1381 1920 1739 1985 Laustanco
1762 1943 1890 1985 non
1917 1922 1994 1984 de
2020 1921 2204 1984 corde
2230 1928 2475 2003 pereat.

757 2025 886 2089 Sed
909 2047 1023 2109 per
1046 2028 1180 2090 dies
1203 2035 1271 2090 et
1295 2048 1408 2111 per
1430 2034 1663 2102 noctes,
1690 2034 1765 2089 ut
1788 2034 1885 2089 est
1909 2026 2191 2108 dignum,
2218 2034 2493 2086 maneat.

753 2129 907 2213 Quis
932 2128 1362 2194 Laufrancum
1389 2130 1570 2194 flebit
1596 2132 1786 2214 digne
1813 2131 1974 2193 mihi
2001 2150 2205 2212 quaeso
2229 2130 2443 2202 dicite,

753 2233 954 2315 Quem
979 2236 1198 2316 sophia
1221 2236 1599 2317 gubernavit
1624 2256 1665 2298 a
1687 2236 1985 2318 primaevo
2010 2242 2311 2315 tempore,

751 2337 1129 2402 Divinarum
1149 2360 1366 2403 causas
1390 2342 1525 2421 ejus
1549 2340 1821 2402 condens
1837 2359 2048 2401 rerum
2074 2345 2323 2420 pectore
2342 2337 2366 2399 ’ὲ

753 2442 810 2506 Ο
837 2463 1026 2525 quam
1049 2444 1307 2528 pulchre
1334 2445 1663 2527 deputavit
1688 2445 1809 2506 sibi
1832 2444 2265 2517 necessarium,

752 2548 952 2632 Quem
972 2559 1106 2613 tam
1133 2551 1316 2614 valde
1341 2552 1703 2614 venustavit
1728 2549 2070 2632 disciplinis
2096 2548 2335 2610 artium

754 2654 1142 2735 Singillatim
1167 2674 1353 2736 super
1376 2662 1631 2716 cunctos
1656 2662 1894 2736 septem
1919 2651 2278 2716 liberalium
2296 2673 2317 2713 t

751 2755 821 2820 Ν
820 2779 903 2819 611
929 2758 996 2818 in
1023 2758 1271 2839 magnis
1289 2777 1499 2819 rerum
1526 2758 1727 2820 causis
1744 2757 1869 2819 fuit
1886 2765 2022 2820 tam
2048 2755 2319 2831 difficile,

756 2859 827 2922 Si
851 2881 966 2942 per
989 2880 1238 2924 sensum
1263 2860 1632 2923 meditantis
1656 2869 1795 2923 erat
1819 2881 2095 2943 unquam
2120 2859 2361 2935 scibile,

751 2963 932 3046 Quod
957 2962 1350 3027 Lanfrancus
1374 2963 1733 3046 indagando
1756 2985 1884 3028 non
1910 2965 2157 3028 fecisset
2179 2964 2385 3027 facile.

752 3069 860 3133 Sic
883 3069 1185 3130 nimirum
1209 3089 1455 3152 semper
1477 3071 1539 3132 ei
1563 3069 1873 3152 vigilabat
1897 3072 2161 3144 animus,

747 3173 846 3235 Ut
862 3174 931 3234 in
957 3173 1143 3236 rebus
1166 3173 1471 3236 universis
1494 3182 1658 3236 esset
1682 3174 2114 3257 peritissimus,

749 3277 838 3341 Et
865 3279 1167 3361 quaerenti
1191 3278 1502 3341 rationem
1529 3279 1789 3341 reddere
1816 3279 2331 3361 promptissimus.

749 3381 930 3465 Quod
955 3384 1023 3443 in
1049 3381 1276 3444 scholis
1300 3382 1450 3444 dum
1477 3382 1758 3445 studeret
1782 3382 2136 3446 adolescens
2161 3384 2405 3456 didicit,

750 3485 1134 3569 Sequuturos
1157 3487 1576 3548 instructurus
1599 3487 1837 3568 optime
1856 3487 2139 3562 retinuit,

746 3590 836 3654 Et
862 3593 928 3653 in
955 3611 1202 3653 sensum
1228 3589 1553 3652 meliorem
1578 3592 1936 3655 renovando
1954 3593 2300 3655 transtulit.

746 3695 938 3777 Cujus
962 3703 1174 3757 actum
1199 3715 1343 3756 cum
1369 3713 1653 3757 sermone
1677 3696 1839 3758 bene
1864 3697 1919 3759 si
1948 3697 2295 3772 dissentias,

747 3801 934 3864 Orbis
957 3821 1101 3863 611111
1127 3800 1438 3862 luminare
1456 3807 1655 3863 restat
1674 3809 1747 3862 ut
1771 3803 2139 3878 consentias,

745 3905 817 3968 Si
841 3915 908 3968 te
931 3914 1160 3968 testem
1184 3906 1473 3969 veritatis
1496 3925 1629 3969 esse
1654 3925 1782 3969 non
1808 3907 2179 3972 dissimulas.

742 4009 1083 4091 Propterea
1108 4030 1243 4092 quae
1268 4019 1610 4074 noscuntur
1636 4012 1777 4074 istic
1802 4032 1933 4074 6886
1957 4015 2255 4095 practica,

741 4113 892 4177 Non
918 4116 1130 4177 omisit
1156 4114 1554 4197 frequentare
1581 4137 1835 4200 qumque
1860 4126 2007 4180 sunt
2031 4119 2337 4195 theorica,

739 4219 978 4301 Quibus
1003 4219 1249 4282 fervens
1273 4222 1608 4285 intonabat
1632 4243 1781 4286 voce
1806 4225 2176 4306 categorica.

737 4324 921 4388 Eheu
947 4324 1156 4388 dolor!
1198 4327 1546 4390 execranda
1570 4329 1762 4392 nimis
1786 4329 1898 4392 illa
1922 4330 2117 4411 potio,
