3192 5050
769 666 985 715 GESTA
1025 664 1372 716 WILLELMI
1413 667 1617 715 DUcls
1659 668 2204 717 NORMANNORUM.
2362 654 2475 717 121

525 810 906 892 (lignitatem
926 810 1242 874 Willelmi
1256 813 1456 875 virtus
1476 815 1697 895 patriae
1723 814 1984 897 peperit.
2065 813 2109 876 J
2112 823 2247 877 uste
2264 816 2479 897 itaque

526 918 734 997 patria
748 937 864 997 pro
889 917 1022 997 ipso
1038 917 1104 977 in
1131 916 1489 979 valetudine
1508 919 1701 979 dubia
1715 918 2051 999 aliquando
2067 920 2479 982 decumbente

527 1018 878 1100 lachrymas
902 1021 1180 1102 profudit
1212 1029 1400 1102 atque
1427 1043 1658 1102 preces,
1699 1022 1913 1102 quales
1941 1022 2235 1084 defuncto
2274 1025 2475 1085 vitam

525 1123 808 1185 valerent
848 1125 1220 1205 impetrare:
1260 1146 1446 1187 orans
1478 1126 1833 1187 tardissime
1872 1126 2267 1201 moriturum,
2303 1131 2477 1208 cujus

503 1215 592 1289 ‘in
645 1230 824 1290 obitu
876 1237 1254 1311 praematuro
1312 1230 1651 1303 turbinem,
1707 1250 1829 1311 quo
1889 1232 2065 1311 prius
2108 1231 2475 1305 vexabatur,

525 1333 728 1395 denuo
753 1333 1025 1394 timebat
1065 1334 1393 1395 oriturum.
1477 1332 1544 1394 N
1546 1355 1616 1395 ec
1643 1334 1813 1395 enim
1840 1333 2079 1415 prolem
2107 1342 2243 1395 tum
2288 1334 2476 1397 relin-

524 1444 760 1516 queret,
801 1436 883 1497 ad
921 1437 1398 1517 gubernandum
1438 1444 1627 1499 aetate
1664 1438 1974 1499 idoneam.
2058 1435 2371 1511 Creditur,
2410 1446 2477 1500 et

523 1540 886 1621 dignissime
915 1541 1186 1621 quidem,
1229 1541 1348 1622 piae
1391 1541 1741 1604 devotionis
1782 1543 2092 1604 arbitrum
2136 1562 2471 1624 supernum

520 1652 774 1706 strenuo
799 1646 1146 1725 majestatis
1185 1664 1310 1705 suae
1347 1644 1563 1707 clienti
1604 1646 1965 1727 sospitatem
1992 1646 2369 1726 praestitisse,
2409 1654 2475 1708 et

521 1748 975 1827 quietissimum
1001 1748 1221 1821 otium,
1246 1750 1422 1809 omni
1459 1749 1639 1810 hoste
1664 1749 1969 1829 protrito:
2007 1756 2079 1809 ut
2104 1750 2366 1810 meritus
2392 1749 2474 1811 ad

522 1848 750 1912 altiora
794 1850 994 1925 evehi,
1046 1871 1240 1932 regno
1285 1859 1593 1933 praerepto
1639 1872 1787 1915 mox
1842 1851 2089 1913 facilius
2143 1853 2471 1934 potiretur,

521 1974 769 2016 securus
795 1956 873 2016 de
899 1962 1070 2019 statu
1091 1956 1494 2038 principatus.

602 2057 810 2121 Verus
851 2081 1123 2142 namque
1150 2081 1364 2122 rumor
1389 2062 1706 2141 insperato
1740 2062 1936 2133 venit,
1973 2060 2310 2141 Anglicam
2346 2070 2471 2121 ter-

521 2184 655 2225 ram
677 2163 853 2245 Rege
861 2162 1173 2226 Edwardo
1180 2166 1469 2226 orbatam
1485 2184 1640 2239 esse,
1652 2171 1717 2225 et
1726 2167 1857 2244 ejus
1872 2184 2103 2226 corona
2117 2163 2471 2225 Hei-aldum

519 2275 833 2329 ornatum.
917 2266 1056 2329 Nec
1098 2268 1394 2328 sustinuit
1434 2288 1699 2330 vesanus
1740 2267 2007 2348 Anglus,
2048 2268 2201 2348 quid
2251 2267 2475 2331 electio

519 2370 772 2453 publica
797 2378 1103 2433 statueret
1127 2370 1481 2445 consulere;
1521 2372 1631 2433 sed
1656 2372 1722 2431 in
1739 2372 1841 2432 die
1868 2369 2138 2452 lugubri,
2166 2391 2290 2452 quo
2311 2374 2475 2453 opti·

519 2496 660 2538 mus
684 2474 792 2537 ille
818 2475 1114 2538 humatus
1140 2483 1254 2551 est,
1297 2496 1440 2538 cum
1465 2495 1621 2557 gens
1647 2476 1939 2538 universa
1963 2475 2308 2559 plangeret,
2335 2497 2475 2559 per-

513 2585 540 2661 j
544 2601 691 2643 urus
726 2582 972 2663 regium
1015 2582 1240 2644 solium
1281 2602 1425 2642 cum
1471 2580 1695 2663 plausu
1728 2581 2075 2662 occupavit,
2100 2582 2472 2663 quibusdam

519 2684 750 2766 iniquis
789 2684 1163 2747 faventibus.
1249 2682 1592 2746 Ordinatus
1635 2692 1730 2746 est
1764 2704 1890 2745 non
1918 2692 2134 2747 sancta
2158 2705 2475 2748 consecra-

517 2789 689 2851 tione
729 2787 1041 2870 Stigandi,
1074 2793 1245 2870 justo
1283 2788 1416 2851 zelo
1451 2789 1800 2870 Apostolici
1826 2797 1892 2850 et
1916 2789 2322 2852 anathemate
2357 2792 2475 2851 mi-

517 2894 776 2955 nisterio
813 2893 1205 2957 sacerdotum
1245 2894 1515 2975 privati:
1597 2891 1748 2954 Dux
1809 2890 2193 2967 Willelmus,
2254 2893 2477 2956 habita

516 3016 660 3058 cum
713 2998 841 3059 suis
885 2997 1362 3071 consultatione,
1410 2997 1605 3060 armis
1656 2997 1953 3077 injuriam
2008 2996 2240 3071 ulcisci,
2281 2999 2475 3059 armis

519 3098 950 3163 haereditatem
978 3121 1299 3183 reposcere
1325 3101 1636 3163 decrevit:
1677 3100 1933 3161 tametsi
1968 3099 2316 3182 complures
2340 3121 2475 3163 maf-

512 3206 724 3285 jorum
765 3205 833 3266 id
871 3206 1191 3286 ingeniose
1217 3205 1668 3277 dissuaderent,
1708 3211 1781 3264 ut
1806 3222 1939 3263 rem
1967 3204 2157 3265 nimis
2188 3205 2473 3280 arduam,

523 3304 932 3369 Normanniae
961 3309 1196 3371 viribus
1222 3308 1408 3389 longe
1434 3309 1759 3388 majorem.
1840 3303 2091 3367 Habuit
2117 3307 2184 3367 in
2201 3307 2477 3369 consiliis

518 3428 598 3470 ea
613 3417 986 3490 tempestate
1017 3408 1434 3484 Normannia,
1475 3410 1730 3492 (praeter
1746 3408 2070 3491 episcopus
2096 3417 2162 3470 et
2187 3409 2474 3492 abbates)

518 3510 666 3573 laici
706 3512 944 3574 ordinis
990 3514 1530 3595 praestantissimos
1574 3513 1759 3587 viros,
1801 3531 2065 3592 quorum
2105 3513 2172 3572 in
2211 3511 2477 3594 coHegio

517 3616 942 3698 splendidiora
968 3619 1253 3700 quaedam
1282 3621 1415 3700 ejus
1441 3617 1684 3679 lumina
1710 3624 1899 3697 atque
1924 3625 2297 3678 ornamenta
2320 3619 2474 3679 emi-

516 3741 721 3795 cuere,
771 3718 1130 3784 Rodbertus
1166 3720 1619 3784 Moritoliensis
1674 3719 1916 3793 Comes,
1957 3718 2317 3782 Rodbertus
2340 3719 2476 3782 Au-

517 3827 715 3888 censis
751 3824 994 3901 Comes,
1035 3825 1436 3890 Lexoviensis
1473 3824 1769 3908 Episcopi
1816 3822 2111 3905 Hugonis
2150 3823 2255 3906 (de
2298 3827 2473 3905 cujus

516 3930 651 3994 vita
676 3950 866 4013 supra
889 3930 1290 4014 scripsimus,)
1310 3931 1526 4004 frater,
1547 3929 1943 3992 Ebroicensis
1967 3927 2189 3990 Comes
2210 3926 2471 3990 Richar-

518 4033 650 4108 duS,
668 4033 975 4097 Rodberti
985 4035 1454 4117 Archiepiscopi
1464 4033 1649 4108 filius,
1667 4032 1950 4113 Rogerus
1966 4032 2043 4094 de
2058 4031 2476 4109 Bellomonte,

517 4135 800 4218 Rogerus
835 4140 912 4200 de
947 4139 1172 4202 Monte
1201 4138 1533 4212 Gomerici‚
1573 4135 1939 4199 Willelmus
1978 4134 2143 4198 filius
2186 4135 2470 4211 Osberni,

518 4242 714 4324 Hugo
739 4243 1124 4306 vice-comes.
1206 4241 1459 4305 Horum
1486 4241 1759 4322 ingeniis
1776 4249 1963 4320 atque
1990 4239 2301 4301 industria
2324 4261 2468 4302 con-

513 4350 748 4410 servari
787 4360 990 4430 posset
1037 4347 1396 4411 incolumis:
1436 4367 1551 4407 nec
1574 4345 1733 4407 adeo
1759 4344 2147 4406 senatoribus
2186 4344 2469 4405 ducentis

2185 4463 2233 4509 K
