3192 5050
930 670 1291 719 EXGERPTA
1333 671 1424 717 DE
1466 669 1636 717 vr'rA
1679 669 2052 717 wunsam.
2399 653 2480 716 59

492 834 617 894 que
646 823 980 877 conaretur
1006 816 1307 896 cespitem
1326 811 1546 875 'meum
1575 813 1962 895 depopulari,
1990 814 2186 876 armis
2214 821 2280 874 et
2307 813 2476 874 ferro

494 918 880 979 calumniam
907 919 1146 999 paravi.
1186 965 1193 970 -
1231 915 1582 981 Robertum
1610 937 1760 979 vero
1789 915 2150 978 Ancensum
2177 917 2475 978 comitem

492 1030 561 1083 et
589 1021 911 1103 Rogerum
937 1023 1017 1083 de
1047 1021 1310 1084 Mortuo
1350 1022 1517 1084 mari
1543 1021 1820 1102 aliosque
1846 1021 2084 1083 milites
2111 1022 2476 1103 probatissi-

416 1127 421 1132 ’
494 1145 632 1186 mos
669 1126 816 1198 misi
858 1124 1091 1200 contra
1128 1123 1425 1187 Odonem
1472 1127 1726 1205 ejusque
1780 1124 2076 1206 legiones.
2160 1123 2284 1205 Qui
2323 1124 2475 1185 dum

494 1249 685 1309 penes
726 1237 1002 1290 castrum
1028 1227 1221 1310 quod:
1238 1227 1571 1290 Mortuum
1597 1247 1775 1289 mare
1803 1228 2035 1289 dicitur
2063 1229 2478 1291 occurrissent

499 1332 809 1406 Francia:
836 1333 1159 1412 utriusque
1215 1333 1417 1412 partis
1470 1332 1832 1412 agminibus
1877 1332 2136 1412 paratis,
2190 1333 2476 1394 terribile

497 1435 789 1517 proelium
838 1435 1236 1506 commissum
1280 1444 1394 1508 est,
1426 1444 1505 1496 'et
1548 1455 1628 1496 ex
1669 1443 1934 1516 utraque
1981 1443 2162 1516 parte
2201 1436 2474 1498 multum

496 1541 822 1620 sanguinis
849 1537 1113 1600 effusum
1142 1547 1281 1600 est.·
1339 1537 1700 1618 Utrobique
1727 1539 1900 1599 enim
1927 1539 2266 1602 bellatores
2291 1551 2475 1602 erant

497 1644 758 1715 strenui,
786 1637 854 1703 et
875 1662 1067 1722 usque
1096 1643 1181 1704 ad
1198 1651 1470 1703 mortem
1486 1642 1708 1704 cedere
1734 1643 1946 1703 nescii.
2008 1641 2184 1704 Hinc
2209 1644 2475 1706 saeviunt

502 1745 673 1808 Galli
719 1767 834 1828 pro
879 1747 1173 1826 cupidine
1201 1746 1584 1826 acquirendi,
1627 1744 1802 1806 illinc
1829 1746 2066 1808 feriunt
2112 1745 2474 1809 Normanni

497 1871 605 1932 spe
634 1851 949 1913 ferventes
986 1851 1313 1924 evadendi,
1348 1859 1415 1912 et
1462 1869 1527 1911 se
1564 1869 1827 1932 suosque
1867 1850 2030 1912 lares
2077 1851 2472 1913 defendendi.

501 1953 785 2016 Tandem
806 1957 1071 2035 juvante
1098 1952 1240 2015 Deo
1259 1955 1464 2016 vicere
1494 1952 1856 2015 Normanni
1883 1961 1949 2014 et
1973 1953 2193 2034 fugere
2222 1952 2471 2017 Franci.

497 2057 645 2120 Hoc
672 2058 886 2140 itaque
912 2056 1151 2118 bellum
1178 2053 1357 2118 trans
1388 2055 1747 2138 Sequanam
1772 2056 1840 2116 in
1857 2056 2066 2118 hieme
2094 2064 2242 2117 ante
2267 2054 2474 2137 Quad-

497 2163 877 2243 ragesimam
903 2161 1105 2222 fecere
1126 2169 1351 2223 octavo
1372 2181 1539 2222 anno
1565 2169 1710 2242 post
1723 2160 1960 2222 bellum
1979 2159 2474 2222 Valesdunense.

502 2265 682 2327 Tunc
711 2265 919 2327 Guido
946 2264 1205 2327 Pontivi
1231 2285 1437 2326 comes
1456 2273 1679 2347 captus
1705 2274 1818 2338 est,
1847 2273 1914 2326 et
1945 2263 2082 2327 Odo
2107 2286 2251 2326 cum
2281 2265 2477 2329 Rain-

499 2370 645 2432 aldo
671 2369 951 2450 aliisque,
976 2369 1083 2450 qui
1098 2367 1434 2431 velocitate
1454 2369 1688 2450 pedum
1713 2371 2074 2450 viguenmt,
2090 2369 2344 2450 fugatus
2364 2379 2476 2432 est.

500 2473 811 2538 Radulfus
838 2494 1081 2557 quoque
1107 2493 1315 2537 comes
1352 2474 1592 2555 pariter
1617 2480 1964 2555 caperetur,
2006 2474 2129 2537 nisi
2171 2473 2480 2557 Rogerius

501 2580 792 2660 princeps
829 2579 1077 2640 milities
1096 2598 1252 2639 meae
1272 2578 1369 2638 illi
1396 2576 1884 2659 suffragaretur3
1926 2580 2280 2641 hominium
2308 2582 2480 2642 enim

498 2683 876 2763 Jamdudum
904 2683 1001 2743 illi
1027 2682 1281 2745 fecerat.
1365 2679 1445 2743 In
1471 2681 1591 2743 tali
1618 2702 1770 2763 ergo
1794 2683 2167 2745 necessitate
2194 2683 2482 2765 pulcrum

506 2788 604 2849 illi
645 2795 711 2849 et
750 2796 1113 2869 competens
1138 2787 1467 2848 servitium
1496 2786 1826 2867 impendit,
1855 2787 2007 2848 dum
2043 2788 2110 2848 in
2138 2797 2348 2850 castro
2374 2810 2486 2851 suo

509 2890 693 2953 illum
720 2891 935 2952 triduo
960 2890 1259 2971 protexit,
1286 2897 1355 2950 et
1380 2898 1600 2970 postea
1626 2889 1872 2952 salvum
1914 2891 1999 2952 ad
2035 2911 2150 2953 sua
2174 2892 2486 2973 perduxit.

510 2993 639 3056 Pro
690 2994 812 3055 hae
864 2992 1105 3056 offensa
1160 2993 1505 3075 Rogerium
1562 2994 1641 3054 de
1700 2993 1770 3056 N
1769 2996 2103 3057 ormannia
2149 2998 2338 3076 ejeci:
2380 2996 2490 3057 sed

507 3097 713 3159 multo
751 3105 896 3179 post
934 3097 1377 3160 reconciliatus
1418 3097 1517 3157 illi
1555 3105 1838 3159 ceterum
1878 3098 2182 3161 honorem
2223 3100 2489 3161 reddidi.

512 3199 806 3263 Castrum
848 3208 1064 3262 tamen
1114 3199 1360 3263 Mortui
1387 3202 1602 3275 mariS,
1631 3203 1697 3261 in
1736 3220 1861 3282 quo
1905 3204 2231 3264 inimicum
2276 3224 2489 3265 meum

506 3306 802 3377 servavit,
850 3304 946 3365 illi
991 3307 1153 3385 jure,
1201 3312 1275 3365 ut
1320 3325 1481 3377 reor,
1528 3304 1797 3379 abstuli3
1839 3306 1949 3367 sed
1999 3305 2372 3368 Guilliermo
2413 3307 2492 3369 de

512 3406 855 3469 Guarenna
880 3409 1347 3488 consanguineo
1373 3410 1506 3488 ejus
1533 3409 1731 3469 tironi
1756 3408 2048 3490 legitimo
2089 3410 2255 3471 dedi.
2341 3409 2494 3472 Gui-

509 3511 740 3573 donem
766 3531 917 3572 vero
938 3512 1236 3572 comitem
1255 3510 1525 3585 BaiociS,
1554 3513 1854 3592 quamdiu
1874 3513 2132 3594 placuit,
2159 3515 2228 3575 in
2249 3534 2496 3576 carcere

513 3613 731 3687 habui,
778 3621 846 3674 et
872 3621 1016 3694 post
1043 3614 1198 3675 duos
1246 3633 1444 3675 annos
1491 3615 1844 3677 hominium
1872 3617 1955 3677 ab
2001 3636 2077 3677 eo
2123 3617 2240 3679 tali
2279 3625 2500 3678 tenore

514 3719 743 3799 recepi,
771 3725 845 3779 ut
872 3718 1097 3779 exinde
1118 3718 1280 3780 mihi
1301 3740 1546 3799 semper
1573 3717 1778 3781 fidelis
1805 3721 2108 3793 extiterit,
2137 3729 2203 3782 et
2221 3721 2501 3783 militare

516 3821 869 3895 servitium,
900 3822 1011 3882 ubi
1031 3822 1372 3902 jussissem,
1402 3842 1545 3882 cum
1574 3830 1829 3883 centum
1857 3824 2170 3885 militibus
2197 3825 2360 3885 mihi
2380 3825 2504 3886 sin-

514 3923 684 4005 gulis
726 3925 911 3985 annis
938 3926 1287 3986 exhiberet.
1372 3922 1622 3987 Deinde
1651 3928 2018 3989 muneribus
2045 3927 2226 3989 illum
2255 3930 2507 4010 magnis

513 4030 767 4101 donavi,
809 4037 876 4089 et
905 4030 1287 4091 honoratum
1316 4050 1462 4091 cum
1497 4051 1651 4111 pace
1679 4031 1910 4092 dimisi.

598 4130 1023 4194 PERACTO
1064 4135 1413 4195 certamine
1455 4154 1622 4206 mox,
1665 4142 1737 4195 ut
1778 4143 1982 4197 certos
2018 4157 2302 4199 rumores
2339 4158 2511 4199 com-

517 4237 654 4315 peri
681 4257 794 4317 per
824 4236 1172 4300 Radulfum
1201 4238 1278 4299 de
1295 4237 1537 4299 Toenia
1556 4258 1692 4317 quae
1721 4246 1899 4301 trans
1931 4238 2288 4321 Sequanam
2313 4243 2514 4303 conti-
