3192 5050
702 550 780 610 84
1107 565 1318 612 SCRIP.
1360 565 1604 610 RERUM
1646 565 1834 610 GEST.
1878 563 2230 610 WILLELMI
2273 566 2318 610 1.

698 731 829 771 sese
856 711 1179 790 objiciunt.
1267 707 1393 770 Sed
1418 709 1528 769 ubi
1572 709 1965 788 recognitum
2003 717 2100 768 est
2129 727 2358 790 agmen
2401 708 2656 780 socium,

698 815 765 874 in
813 814 1116 875 ulteriora
1166 815 1616 894 perquirenteS,
1657 814 1991 874 inveniunt
2037 814 2443 874 recubantem
2472 832 2657 893 quem

699 917 979 977 fractura
1004 937 1171 977 coxae
1199 916 1508 997 alligabat
1534 937 1612 976 ex
1639 916 1996 997 quindecim
2018 937 2232 976 unum.
2318 914 2657 976 Paululum

700 1019 847 1080 hinc
875 1021 1215 1100 progressis
1252 1019 1459 1080 alacer
1483 1020 1702 1080 obviat
1743 1039 1961 1080 corum
1990 1019 2299 1092 dominus,
2327 1019 2660 1089 adducenS,

700 1143 853 1204 quos
879 1131 1150 1204 ceperat,
1177 1123 1413 1184 milites
1441 1130 1699 1203 septem.

782 1226 1140 1289 Dictitabat
1166 1247 1244 1287 ex
1284 1247 1362 1288 ea
1387 1234 1783 1307 tempestate,
1823 1229 1920 1287 uti
1959 1227 2356 1308 opinabatur,
2400 1225 2664 1288 Gaufre-

702 1331 817 1392 dus
867 1330 1222 1403 Martellus,
1276 1351 1493 1412 parem
1539 1329 1775 1391 Comiti
1832 1329 2344 1392 Normannorum
2386 1331 2663 1411 equitem

701 1435 831 1495 sive
871 1434 1143 1494 militem
1184 1434 1299 1494 sub
1325 1433 1479 1495 coelo
1498 1433 1746 1494 nullum
1774 1434 2019 1513 degere.
2102 1431 2202 1494 De
2243 1431 2560 1494 Vasconia
2599 1441 2664 1494 et
2737 1438 2742 1442 ’

704 1537 1020 1598 Arvernia
1064 1544 1351 1618 potentes
1404 1538 1464 1598 ei
1510 1537 2034 1600 transmittebant
2099 1536 2202 1598 vel
2267 1537 2664 1598 adducebant

703 1660 913 1721 equOS,
982 1642 1091 1720 qui
1144 1630 1503 1701 nominibus
1556 1641 1826 1721 propriis
1877 1639 2069 1721 vulgo
2123 1649 2270 1701 sunt
2322 1641 2663 1702 nobilitati.

706 1743 874 1805 Item
905 1743 1111 1824 Reges
1140 1743 1467 1825 Hispaniae
1487 1744 1587 1804 his
1614 1745 1794 1805 donis
1820 1746 1988 1805 inter
2015 1745 2143 1806 alia
2161 1745 2664 1826 ejus-amicitiam

704 1849 1064 1929 captabant.
1148 1845 1239 1908 Et
1277 1856 1417 1908 erat
1442 1848 1794 1928 expetenda
1818 1849 2076 1928 optimis
2110 1855 2176 1908 et
2217 1848 2666 1928 potentissimis

704 1952 999 2012 amicitiae
1039 1951 1189 2024 haec,
1257 1959 1446 2032 atque
1500 1951 1781 2011 colenda.
1886 1948 2346 2012 Perfectissime
2393 1969 2666 2030 namque

704 2055 914 2114 inerat
939 2074 1128 2114 causa
1153 2055 1221 2113 in
1254 2055 1389 2134 ipso
1420 2074 1545 2116 ,cur
1570 2074 1612 2115 a
1647 2052 2022 2126 domesticis,
2063 2073 2104 2114 a
2129 2051 2437 2126 finitimis,
2465 2073 2506 2114 a
2531 2052 2666 2113 lon-

704 2157 938 2237 ginque
964 2157 1249 2237 sepositis
1269 2157 1656 2238 diligeretur.
1739 2156 1846 2217 Ad
1872 2157 1990 2217 hoc
2018 2156 2150 2237 ipse
2169 2166 2244 2218 ut
2271 2164 2431 2218 esset
2457 2156 2667 2217 decori

707 2260 926 2320 amicis
968 2260 1073 2321 vel
1119 2260 1504 2341 adjumento,
1547 2267 1800 2320 tantum
1842 2261 2173 2340 satagebat
2202 2267 2508 2340 quantum
2535 2277 2666 2319 esse

705 2363 995 2436 valebat3
1038 2372 1103 2424 et
1137 2365 1515 2445 procurabat
1561 2384 1807 2445 semper
1853 2372 1926 2424 ut
1967 2364 2088 2425 sibi
2133 2362 2665 2445 quamplurimum

707 2468 896 2529 amici
916 2468 1238 2529 deberent.
1323 2467 1501 2529 Tunc
1522 2467 1892 2530 florescebat
1912 2469 1978 2529 in
2000 2466 2420 2530 adolescentia
2438 2469 2668 2550 princi-

704 2592 861 2652 pans
887 2573 999 2631 uni
1027 2570 1408 2644 Provinciae;
1449 2592 1564 2632 nec
1601 2574 1812 2653 regnis
1838 2572 2219 2645 dominatur,
2259 2592 2456 2633 annos
2480 2581 2669 2634 natus

705 2675 956 2736 circiter
982 2676 1402 2757 quadraginta
1428 2677 1718 2755 quinque.
1803 2658 1965 2736 Cum
2005 2677 2086 2737 ab
2127 2676 2240 2736 illa
2281 2677 2365 2737 ad
2405 2685 2661 2738 aetatem

707 2778 890 2851 hanc,
916 2777 1019 2839 vel
1046 2780 1098 2839 si
1133 2781 1338 2859 majus
1366 2797 1406 2837 a
1432 2779 1707 2858 pueritia
1733 2782 2094 2859 pernoveris
2122 2783 2256 2861 ejus
2284 2787 2484 2853 actus,
2508 2788 2667 2855 tute,

706 2882 890 2942 sicuti
910 2902 1057 2942 vere
1084 2889 1281 2961 potes,
1324 2879 1668 2941 affirmabis
1695 2902 1809 2961 per
1827 2902 1972 2942 eum
1999 2903 2324 2964 nunquam
2352 2884 2669 2945 societatis

700 2986 803 3065 jus
846 2992 957 3045 aut
994 2984 1289 3045 amicitiae
1316 2983 1504 3043 fuisse
1531 2983 1859 3046 violatum.
1944 2983 2102 3047 Fixe
2146 2987 2316 3047 enim
2344 2988 2669 3067 perstabat

709 3089 775 3147 in
804 3088 989 3148 dictis
1016 3094 1203 3167 atque
1224 3089 1567 3161 conventis,
1594 3096 1906 3170 tanquam
1921 3090 2185 3151 edocens
2199 3099 2346 3151 actu
2373 3110 2484 3151 suo
2504 3092 2669 3171 quod

707 3193 1045 3253 enuntiant
1072 3190 1457 3273 Philosophi,
1490 3192 1754 3272 justitiae
1781 3192 2261 3254 fundamentum
2289 3214 2419 3255 esse
2459 3192 2670 3255 fidem.

716 3296 787 3357 Si
813 3300 987 3378 cujus
1008 3296 1089 3357 ab
1106 3296 1390 3357 amicitia
1409 3296 1684 3376 disjungi
1705 3297 2056 3357 rationibus
2085 3298 2472 3377 gravissimis
2491 3319 2672 3379 coge-

708 3400 916 3473 batur,
973 3400 1203 3460 sensim
1243 3400 1407 3460 hanc
1449 3400 1708 3473 diluere,
1768 3420 1958 3481 quam
2018 3409 2276 3482 repente
2336 3403 2670 3483 praecidere

707 3504 1008 3565 malebat.
1092 3502 1597 3565 Consentaneum
1618 3504 1686 3563 id
1700 3504 1984 3565 videmus
2004 3505 2360 3585 sapientum
2380 3526 2668 3566 censurae.

712 3604 937 3687 Inique
965 3627 1029 3667 se
1077 3607 1379 3667 alienavit
1405 3607 1678 3688 iniquus,
1719 3607 1925 3667 diram
1953 3608 2355 3670 inimicitiam
2402 3610 2672 3690 suscepit
2731 3686 2738 3693 1

712 3708 851 3771 Rex
869 3709 1202 3784 HenricUS,
1218 3718 1608 3772 transversus
1626 3712 1955 3772 hominum
1974 3712 2382 3792 pessimorum
2398 3712 2672 3774 saudela.

716 3812 838 3895 Qui
890 3815 1041 3875 dum
1089 3816 1336 3895 injuriis
1406 3813 1870 3876 Normanniam
1937 3815 2268 3877 lacesseret
2332 3816 2672 3877 admodum

711 3917 1231 3992 intolerabilibus,
1259 3920 1618 3981 contraibat
1645 3920 1728 3981 ad
1748 3941 1934 4000 quem
1964 3920 2376 3983 Normanniae
2401 3941 2672 4009 propug-

710 4024 887 4084 natio
940 4024 1319 4104 pertinebat,
1387 4021 1795 4085 Willelmus:
1875 4024 2150 4085 multum
2203 4032 2419 4085 tamen
2471 4026 2672 4086 veteri

712 4126 1009 4187 amicitiae
1055 4126 1339 4187 tribuens
1384 4134 1451 4186 et
1489 4128 1679 4208 regiae
1719 4128 2038 4209 dignitati.
2126 4126 2480 4209 Confligere
2527 4150 2671 4189 cum
