3192 5050
925 619 1284 672 Exc1-RPTA
1324 619 1415 664 DE
1459 619 1628 664 vri-A
1669 617 2041 667 WILLELMI.
2407 607 2489 669 69

522 772 725 833 censis
790 771 1111 852 episcopis,
1166 767 1553 831 Gislebertus
1614 766 2009 830 Manimotus
2066 766 2489 846 Lexoviensis,

527 873 813 935 Michael
868 865 1293 945 Abrinc'ensis,
1378 869 1712 932 Goifredus
1783 869 2369 948 Constantiniensis,
2425 883 2493 936 et

526 977 831 1039 Girardus
862 975 1199 1056 Sagiensis.
1288 975 1573 1036 Abbates
1601 993 1842 1054 quoque
1862 974 1932 1034 hi
1959 983 2125 1048 sunt,
2153 975 2492 1039 Anselmus

526 1079 873 1152 Beccensis,
917 1077 1315 1141 Guillielmus
1354 1077 1432 1137 de
1475 1075 1606 1138 Ros
1647 1075 2104 1151 FiscannensiS,
2149 1076 2492 1142 Gerbertus

527 1182 1032 1255 Fontinellensis,
1064 1181 1426 1243 Guntardus
1457 1179 1928 1252 GemeticensiS‚
1963 1180 2315 1244 Mamerius
2343 1182 2492 1246 Uti-

526 1288 745 1359 censis,
788 1285 985 1346 Fulco
1025 1282 1341 1356 DinensiS,
1385 1281 1726 1344 Durandus
1746 1281 2198 1357 'Troarnensis‚
2253 1284 2493 1348 Rober-

528 1399 631 1450 tus
704 1388 1042 1470 SagiensiS,
1114 1387 1431 1449 Osbernus
1499 1385 1954 1459 Bernaicensis,
2036 1386 2348 1468 Rogerius
2415 1391 2493 1451 de

528 1502 743 1555 monte
796 1493 1000 1554 sancti
1054 1490 1391 1553 Michaelis
1442 1491 1511 1550 in
1566 1489 1845 1571 periculo
1885 1491 2096 1564 maris,
2145 1491 2494 1556 Rothoma-

529 1617 751 1678 genses
794 1595 1323 1667 archimandritae,
1384 1590 1734 1653 Nicholaus
1777 1593 1854 1653 de
1897 1601 2115 1655 sancto
2167 1596 2495 1672 Audoeno,

530 1709 596 1761 et
627 1698 988 1761 Gualterius
1014 1698 1092 1758 de
1122 1697 1349 1759 Monte
1376 1703 1608 1757 sanctae
1626 1696 1954 1769 trinitatis,
1993 1705 2061 1757 et
2100 1698 2214 1760 alii
2251 1698 2495 1780 plures;

532 1824 685 1885 quos
710 1803 1088 1864 nominatim
1116 1801 1395 1882 proferre
1422 1798 1798 1881 perlongum
1824 1807 1939 1861 est.
2026 1800 2259 1864 Omnes
2300 1804 2370 1864 hi
2413 1805 2497 1866 ad

533 1908 826 1988 exequias
892 1905 1117 1967 famosi
1208 1904 1465 1965 baronis
1518 1912 1967 1977 convenerunt,
2035 1906 2362 1987 ipsumque
2429 1909 2496 1968 in

533 2012 921 2093 presbyterio
942 2012 1112 2071 inter
1136 2009 1397 2070 chorum
1425 2016 1493 2068 et
1520 2007 1722 2068 alt-are
1744 2007 2145 2088 sepelierunt.

615 2113 891 2196 Expleta
908 2114 1117 2186 missa,
1135 2131 1279 2172 cum
1290 2114 1425 2192 jam
1448 2109 1906 2190 sarcophagum
1941 2112 2005 2170 in
2028 2119 2202 2174 terra
2221 2111 2498 2176 locatum

536 2226 716 2291 esset,
782 2218 892 2279 sed
943 2235 1166 2297 corpus
1210 2215 1415 2276 adhuc
1470 2215 1536 2274 in
1599 2213 1834 2274 feretro
1893 2217 2153 2293 jaceret,
2223 2215 2501 2298 Magnus

540 2321 944 2394 GislebertuS,
987 2319 1386 2382 Ebroicensis
1412 2319 1736 2399 episcopus
1761 2318 1829 2376 in
1855 2317 2174 2398 pulpitum
2201 2323 2501 2396 ascendit,

538 2434 605 2487 et
628 2425 938 2507 prolixam
965 2423 1345 2485 locutionem
1378 2422 1456 2482 de
1499 2419 1977 2501 magnificentia
2013 2421 2294 2484 defuncti
2329 2426 2502 2505 prin-

455 2538 456 2541 ’
537 2532 693 2611 cipis
728 2529 1092 2610 eloquenter
1126 2524 1486 2608 protelavit,
1526 2546 1654 2606 qua
1696 2527 1827 2606 ipse
1878 2523 2035 2587 fines
2084 2524 2152 2589 N
2151 2531 2504 2593 ormannici

531 2634 693 2713 juris
743 2642 995 2693 strenue
1048 2630 1432 2701 dilataverit,
1498 2636 1876 2709 gentemque
1930 2649 2108 2690 suam
2172 2630 2503 2713 plusquam

540 2756 757 2798 omnes
772 2743 1191 2797 antecessores
1208 2732 1303 2793 sui
1331 2731 1807 2793 sublimaverit:
1849 2733 2166 2812 justitiam
2195 2742 2261 2794 et
2280 2756 2501 2816 pacem

540 2840 657 2900 sub
682 2839 856 2900 omni
896 2838 1134 2898 ditione
1160 2856 1275 2897 sua
1313 2836 1611 2907 tenuerit,
1650 2834 1820 2895 fures
1859 2842 1925 2894 et
1964 2836 2286 2915 praedones
2323 2838 2507 2919 virga

542 2944 937 3005 rectitudinis
982 2940 1227 3001 utiliter
1269 2939 1713 3020 castigaverit:
1768 2946 1834 2998 et
1873 2936 2129 2999 clericos
2171 2958 2245 3000 ac
2288 2961 2507 3004 mona-

542 3048 691 3109 chos
718 3055 783 3108 et
809 3048 1117 3107 inermem
1143 3042 1445 3125 populum
1471 3042 1729 3103 virtutis
1747 3060 1892 3101 ense
1913 3041 2166 3102 fortiter
2183 3045 2505 3107 munierit.

546 3150 768 3212 Finita
804 3169 954 3211 vero
1000 3147 1316 3209 locutione
1371 3145 1620 3227 plebem
1674 3145 1943 3225 rogavit,
1991 3153 2057 3206 et
2108 3166 2223 3225 pro
2269 3149 2508 3227 pietate

545 3254 763 3316 multis
829 3252 1129 3314 flentibus
1196 3270 1271 3311 ac
1316 3250 1514 3311 verba
1564 3251 1700 3328 ejus
1751 3250 2217 3324 attestantibus,
2244 3252 2510 3332 adjecit:

550 3360 713 3442 Quia
756 3356 967 3418 nullus
1018 3353 1306 3415 mortalis
1357 3353 1549 3413 homo
1622 3359 1831 3433 potest
1883 3354 1949 3413 in
2005 3353 2126 3415 hac
2177 3355 2315 3416 vita
2376 3357 2509 3419 sine

546 3471 807 3545 peccato
847 3460 1081 3531 vivere,
1131 3458 1197 3518 in
1244 3456 1558 3517 charitate
1604 3453 1730 3516 Dei
1772 3476 1884 3517 vos
1925 3476 2142 3517 omnes
2180 3476 2512 3538 precamur

548 3588 663 3650 pm
702 3566 999 3627 defuncto
1037 3562 1339 3645 principe,
1393 3568 1652 3641 propter
1690 3558 1872 3620 illum
1913 3561 2080 3641 apud
2117 3563 2512 3643 omnipoten-

549 3680 681 3733 tem
738 3668 949 3732 Deum
1019 3665 1324 3728 studeatis
1386 3663 1791 3735 intercedere,
1877 3663 2056 3743 eique
2103 3664 2158 3725 si
2223 3666 2375 3746 quid
2444 3668 2512 3727 in

548 3777 727 3839 vobis
752 3772 1038 3853 deliquit,
1064 3770 1425 3849 benigniter
1450 3767 1791 3828 dimittere.

634 3878 814 3940 Tunc
843 3874 1173 3938 Ascelinus
1192 3873 1417 3935 Arturi
1443 3870 1610 3931 filius
1636 3871 1714 3931 de
1741 3871 1932 3932 turba
1958 3874 2245 3946 surrexit,
2272 3879 2338 3934 et
2364 3892 2516 3936 voce

550 4002 788 4064 magna
813 3978 1271 4061 querimoniam
1298 3974 1659 4056 hujusmodi
1696 3975 1938 4035 cunctis
1964 3974 2363 4037 audientibus
2387 3976 2520 4037 edi-

554 4089 667 4149 dit.
750 4083 912 4146 Haec
954 4090 1126 4144 terra
1161 4082 1273 4142 ubi
1316 4079 1658 4141 consistitis
1706 4098 1854 4139 area
1885 4079 2107 4141 domus
2147 4082 2348 4161 patris
2391 4081 2521 4143 mei

555 4191 695 4265 fuit,
738 4208 928 4271 quam
966 4187 1067 4249 vir
1094 4186 1232 4259 iste,
1274 4204 1389 4265 pro
1436 4204 1559 4264 quo
1605 4182 1861 4263 rogatis,
1909 4183 2062 4245 dum
2109 4184 2314 4247 adhuc
2360 4194 2522 4247 esset
