3192 5050
799 614 1019 663 GESTA
1061 615 1412 663 WILLELMI
1453 615 1659 663 DUCIS
1700 616 2253 667 NORMANNORUM.
2434 601 2515 665 89

538 755 809 819 conficit.
895 757 1212 841 Oppidum
1238 760 1410 821 enim
1439 767 1688 835 natura,
1714 780 1923 842 opere,
1964 769 2153 843 atque
2180 768 2509 824 armatura

541 862 1032 923 munitissimum
1060 862 1218 924 adeo
1268 872 1560 925 currente
1596 873 1907 945 proventu
1940 866 2022 927 in
2069 868 2203 947 ejus
2244 885 2507 927 manum

541 965 716 1025 venit
756 973 830 1025 ut
867 965 1130 1046 gloriari
1168 967 1269 1027 his
1308 968 1516 1029 verbis
1562 967 1802 1043 liceret,
1858 966 2049 1042 Veni,
2105 966 2281 1043 Vidi,
2338 966 2511 1030 Vici.

545 1063 825 1129 Perculit
844 1068 1142 1129 citissime
1168 1068 1272 1129 hic
1315 1090 1532 1131 rumor
1569 1069 2047 1133 Danfiontinos.
2130 1069 2513 1134 Diffidentes

543 1168 757 1250 itaque
779 1169 940 1232 alius
965 1170 1184 1253 clypeo
1209 1192 1274 1233 se
1300 1172 1681 1248 liberandos,
1709 1183 1851 1256 post
1870 1175 2088 1256 fugam
2109 1174 2509 1237 famosissimi

541 1272 866 1335 bellatoris
909 1272 1214 1337 Gaufredi
1243 1275 1552 1351 Martelli,
1593 1278 1890 1339 similiter
1915 1278 2233 1340 deditione
2262 1298 2327 1340 se
2354 1278 2510 1339 libe-

543 1385 690 1437 rant
714 1379 1243 1459 properatissima,
1272 1379 1522 1459 quando
1561 1401 1879 1443 reversum
1908 1383 1991 1445 ad
2016 1383 2507 1464 oppugnandum

542 1481 762 1542 vident
811 1480 1328 1545 Normannorum
1371 1481 1753 1566 Principem.
1796 1472 1803 1481 ’
1838 1483 2186 1549 Perhibent
2223 1487 2511 1547 homines

545 1584 918 1665 antiquioris
941 1586 1281 1659 memoriae,
1327 1595 1540 1649 castra
1563 1587 1697 1649 haec
1724 1589 1912 1651 ambo
1943 1587 2210 1651 Comitis
2249 1586 2511 1651 Ricardi

542 1706 838 1757 concessu
854 1708 986 1751 esse
1010 1688 1298 1763 fundata,
1318 1710 1516 1751 unum
1543 1692 1717 1754 intra
1740 1692 2032 1767 alterum,
2048 1694 2333 1775 proxime
2354 1693 2512 1757 fines

548 1788 978 1867 Normanniae,
1006 1801 1196 1874 atque
1221 1802 1356 1855 tam
1385 1796 1854 1858 succedentium
1880 1799 1941 1859 ei
1970 1796 2291 1860 Comitum
2319 1818 2509 1879 quam

545 1894 740 1975 ipsius
758 1895 946 1976 jussis
971 1897 1407 1977 obtemperare
1443 1898 1648 1961 solita.
1732 1897 1961 1961 Victor
2001 1908 2221 1981 postea
2251 1901 2508 1962 domum

547 2002 846 2072 reversus,
899 1999 1174 2079 patriam
1217 2008 1513 2062 cunctam
1560 2003 1800 2063 recenti
1846 2003 2067 2065 decore
2114 2022 2189 2065 ac
2232 2003 2513 2084 tripudio

548 2099 926 2175 illustrabat,
953 2101 1142 2164 simul
1179 2122 1460 2166 amorem
1487 2111 1680 2185 atque
1707 2112 2013 2167 terrorem
2049 2106 2147 2168 sui
2173 2107 2415 2167 auctius
2442 2107 2510 2166 in

547 2212 811 2267 externa
835 2203 1246 2267 diffundebat.

627 2309 783 2371 Alia
826 2310 944 2371 sub
987 2318 1237 2392 tempus
1284 2311 1454 2372 idem
1503 2311 1855 2373 Annalium
1895 2311 2323 2374 voluminibus
2364 2322 2517 2395 apta

546 2412 742 2493 gessit
767 2413 1055 2495 princeps
1081 2414 1272 2488 idem,
1299 2433 1453 2494 quae,
1491 2415 1676 2475 sicuti
1703 2414 1979 2496 plurima
2004 2416 2246 2476 caeteris
2270 2422 2514 2497 tempo-

548 2517 722 2580 ribus
769 2517 852 2580 ab
877 2539 954 2580 eo
978 2527 1176 2601 gesta,
1203 2519 1767 2601 praetermittimus,
1812 2528 1925 2582 aut
1952 2540 2033 2581 ne
2074 2539 2262 2600 quem
2288 2530 2515 2602 gravet

548 2621 862 2702 spaciosus
883 2619 1112 2696 Codex,
1133 2631 1246 2684 aut
1273 2622 1424 2703 quia
1446 2643 1581 2684 rem
1597 2643 1726 2684 non
1743 2623 2083 2686 admodum
2100 2621 2514 2686 sufficientem

549 2725 839 2806 scriptori
878 2727 1301 2807 cognovimus.
1385 2725 1703 2790 Praeterea
1732 2727 2106 2809 quantulum
2148 2728 2215 2788 in
2250 2728 2515 2790 dicendo

549 2827 872 2890 facultatis
886 2828 1210 2903 habemus,
1229 2829 1312 2890 ad
1330 2830 1669 2892 dicendum
1685 2831 2205 2912 praestantissima
2228 2832 2512 2894 omnium

550 2932 618 2992 id
643 2951 1054 2994 reservamus.
1135 2930 1462 2994 Parturire
1490 2953 1601 2996 suo
1627 2941 1878 3015 pectore
1904 2934 2075 2996 bella
2109 2955 2245 3016 quae
2270 2935 2517 2998 calamo

549 3035 904 3109 ederentur,
955 3034 1168 3098 Poe'tis
1220 3035 1472 3110 licebat,
1525 3045 1715 3118 atque
1761 3036 2149 3119 amplificare
2177 3045 2517 3119 utcumque

550 3138 808 3219 cognita
827 3157 940 3219 per
953 3158 1209 3220 campos
1225 3137 1676 3218 figmentorum
1695 3140 2071 3220 divagando,
2116 3137 2254 3200 Nos
2270 3138 2517 3201 Ducem

549 3243 680 3305 sive
723 3240 988 3323 Regem,
1029 3243 1133 3304 cui
1175 3263 1497 3324 nunquam
1537 3243 1783 3325 impure
1812 3243 1962 3323 quid
2002 3242 2125 3303 fuit
2164 3242 2520 3323 pulchrum,

550 3364 707 3425 pure
733 3344 1132 3406 laudabimus
1160 3365 1176 3418 3
1218 3364 1526 3425 nusquam
1554 3363 1596 3406 a
1618 3345 1908 3405 veritatis
1946 3343 2154 3406 limite
2180 3363 2366 3424 passu
2392 3365 2520 3406 uno

550 3447 911 3510 delirantes.

637 3548 896 3630 Ooepere
921 3556 1065 3631 post
1083 3548 1216 3610 haec
1244 3548 1608 3612 Normanni
1648 3547 2007 3611 Summates
2034 3548 2165 3610 fere
2190 3549 2403 3610 cuncti
2428 3550 2526 3610 in-

553 3654 843 3718 credibili
869 3674 1015 3715 eum
1033 3653 1329 3735 amplecti
1357 3655 1795 3717 veneratione:
1836 3661 1910 3714 ut
1924 3652 2237 3716 obluctari
2263 3653 2522 3727 dudum,

555 3759 643 3820 sic
669 3757 858 3820 modo
893 3777 1180 3820 serenam
1208 3759 1270 3819 ei
1309 3756 1685 3818 fidelitatem
1729 3758 1989 3839 quisque
2029 3775 2209 3818 suam
2255 3757 2530 3838 probare

553 3864 844 3925 nitentes.
926 3861 1108 3926 Adeo
1136 3868 1210 3923 ut
1241 3863 1374 3943 ejus
1399 3871 1466 3924 et
1492 3861 1790 3936 sobolem,
1832 3881 2021 3942 quam
2061 3859 2195 3923 sola
2232 3869 2371 3922 tum
2413 3880 2529 3944 spe

554 3965 870 4040 fovebant,
939 3966 1265 4028 dominum
1333 3965 1454 4027 sibi
1519 3965 1813 4027 concordi
1873 3973 2166 4027 votorum
2221 3963 2529 4027 electione

555 4088 766 4131 creare
794 4077 1130 4131 certarent.
1216 4067 1397 4150 Quod
1436 4069 1567 4149 ipse
1609 4069 1919 4141 universa,
1962 4089 2100 4150 quae
2139 4088 2292 4150 erga
2334 4088 2397 4129 se
2425 4068 2528 4130 vel

555 4191 598 4234 a
623 4193 688 4234 se
716 4171 989 4238 fideliter
1030 4183 1193 4248 acta,
1235 4173 1462 4236 humili
1503 4173 1843 4255 prudentia
1881 4174 2131 4236 muneri
2172 4173 2390 4234 divino
2432 4173 2531 4254 (ut

2320 4292 2372 4337 Η
