3192 5050
666 619 744 681 90
1066 632 1278 681 scmr.
1321 632 1566 681 RERUM
1608 632 1798 681 esssr.
1842 632 2195 680 WILLELMI
2238 634 2283 679 1.

669 776 1024 859 reputanda
1075 776 1296 856 fuere,)
1363 776 1705 859 reputavit,
1766 778 2118 857 juventutis
2171 778 2239 838 in
2293 776 2641 859 primordio

669 881 1242 943 moderatissimum
1267 881 1476 943 virum
1503 900 1716 962 agens.
1802 877 2095 941 Consiliis
2134 881 2347 961 itaque
2389 881 2467 941 de
2507 900 2642 941 ma-

669 984 972 1047 trimonio
1025 984 1434 1064 discrepatur,
1500 990 1575 1044 ut
1628 982 1832 1045 solent
1886 984 1953 1043 in
2007 983 2325 1044 diversum
2378 984 2641 1044 suadere

672 1088 931 1169 ingenia
955 1086 1302 1169 disparium
1343 1093 1532 1167 atque
1579 1086 1941 1148 sententiae:
1997 1087 2347 1168 praesertim
2393 1106 2537 1147 cum
2573 1086 2641 1145 in

672 1188 990 1273 frequenti
1027 1191 1204 1252 curia
1241 1191 1591 1271 ponderosa
1608 1191 1708 1252 -de
1742 1210 1811 1251 re
1838 1189 2245 1251 consultatur.
2330 1188 2536 1270 Reges
2566 1189 2647 1251 de

674 1294 1019 1376 longinquo
1046 1314 1188 1355 suas
1214 1294 1397 1355 unice
1424 1294 1649 1356 charas
1674 1292 1839 1355 filias
1863 1293 2011 1355 huic
2036 1294 2271 1355 marito
2289 1293 2645 1355 voluntarie

673 1400 975 1473 locarent,
1035 1420 1110 1461 ac
1163 1398 1383 1461 affines
1426 1399 1663 1461 habere
1719 1417 1873 1479 quos
1918 1396 2195 1459 confines
2247 1398 2646 1479 potissimum

675 1505 932 1587 placuit,
973 1504 1191 1565 multae
1217 1504 1482 1565 rationis
1505 1504 1827 1585 gravitate
1854 1502 1922 1563 id
1946 1502 2379 1584 persuadente.

759 1606 1044 1689 Vigebat
1069 1627 1144 1669 eo
1169 1614 1454 1688 tempore
1484 1606 1876 1668 Teutonibus
1908 1604 2291 1667 collimitans
2331 1625 2404 1667 ac
2445 1603 2648 1666 Fran·-

678 1710 786 1785 cis,
827 1710 1230 1791 eminensque
1257 1710 1561 1791 potentia,
1602 1709 1951 1791 praecipuus
1976 1728 2215 1783 eorum,
2242 1704 2651 1771 Flandrensis

681 1812 995 1888 MarchiO,
1039 1811 1420 1888 Baldwinus,
1461 1812 1799 1875 nobilitate
1839 1814 1997 1875 item
2029 1814 2233 1895 prisco
2260 1834 2339 1875 ex
2364 1812 2650 1894 germine

678 1918 921 1979 tradita
945 1915 1420 1978 illustrissimus,
1503 1915 1681 1978 Nam
1705 1917 1807 2005 uti
1831 1936 1873 1979 a
1901 1915 2189 1999 Satrapis
2230 1915 2651 1989 Morinorum,

679 2040 832 2103 quos
857 2020 1144 2082 moderni
1185 2018 1496 2082 Flandros
1523 2019 1879 2102 appellant3
1934 2020 2024 2082 sic
2050 2040 2091 2082 a
2117 2018 2400 2101 Regibus
2428 2017 2653 2082 Galliae

681 2134 872 2207 atque
923 2123 1280 2187 Germaniae
1319 2123 1566 2186 natales
1619 2123 1988 2198 deducebat,
2046 2123 2403 2186 nobilitatis
2454 2124 2651 2185 etiam

683 2228 1398 2311 Constantinopolitanae
1445 2228 1683 2290 lineam
1738 2230 2147 2311 attingentes.
2257 2228 2653 2311 Stupuerunt

681 2334 988 2395 mirantes
1041 2353 1187 2395 eum
1247 2330 1543 2405 Comites,
1601 2330 2028 2407 Marchiones,
2074 2332 2303 2407 Duces,
2342 2342 2483 2395 tum
2528 2332 2653 2395 Ar-

680 2435 1119 2517 chipraesulum
1162 2435 1298 2497 alta
1335 2436 1633 2517 dignitaS,
1676 2436 1727 2497 si
1771 2436 2021 2516 quando
2060 2436 2461 2517 praesentiam
2502 2438 2653 2517 ejus,

681 2541 815 2602 rari
839 2540 1122 2622 hospitis,
1163 2540 1572 2621 imperatoria
1600 2559 1753 2601 cura
1776 2540 2160 2622 promeruit:
2217 2539 2442 2623 Ipsius,
2478 2540 2655 2602 velut

683 2644 872 2704 amici
899 2650 966 2704 et
990 2643 1162 2716 socii,
1201 2643 1605 2723 prudentiam
1632 2643 1700 2702 in
1742 2642 2195 2705 deliberatione
2232 2643 2655 2706 maximorum

683 2746 1084 2826 negotiorum
1137 2744 1501 2820 consulturi,
1541 2746 2051 2808 benevolentiam
2107 2746 2287 2808 donis
2339 2753 2405 2807 et
2450 2745 2659 2808 multa

685 2849 942 2910 honoris
993 2849 1279 2931 impensa
1329 2850 1776 2932 comparaturi.
1860 2847 2139 2912 Nomine
2179 2850 2489 2931 siquidem
2530 2849 2659 2913 Ro-

685 2953 862 3014 mani
902 2953 1152 3033 imperii
1190 2951 1374 3015 miles
1413 2951 1554 3026 fuit,
1595 2973 1666 3013 re
1706 2953 1893 3015 decus
1919 2961 1985 3015 et
2009 2952 2216 3034 gloria
2239 2973 2487 3016 summa
2513 2973 2659 3016 con-

687 3056 972 3119 siliorum
1012 3058 1079 3117 in
1121 3076 1371 3119 summa
1408 3057 1888 3120 necessitudine.
1971 3056 2182 3138 Reges
2208 3077 2454 3139 quoque
2480 3079 2659 3140 mag-

687 3159 1046 3221 nitudinem
1074 3163 1208 3242 ejus
1235 3167 1303 3222 et
1341 3161 1629 3222 venerati
1660 3168 1808 3222 sunt
1834 3167 1901 3222 et
1927 3161 2137 3223 veriti.
2220 3159 2341 3223 Est
2380 3163 2551 3223 enim
2592 3170 2659 3223 et

689 3263 1052 3326 nationibus
1093 3263 1312 3346 procul
1355 3265 1618 3326 remotis
1659 3264 2084 3338 notissimum,
2141 3284 2331 3346 quam
2369 3264 2659 3345 frequen-

687 3369 877 3442 tibus,
947 3387 1258 3448 quamque
1309 3367 1611 3449 gravibus
1650 3367 1835 3430 bellis
1879 3367 2348 3450 Imperatorum
2390 3369 2660 3431 imman-

689 3473 916 3534 itatem
968 3470 1357 3552 fatigaverit,
1410 3491 1564 3553 pace
1605 3470 1861 3532 demum
1905 3472 1990 3533 ad
2028 3472 2425 3534 conditiones
2464 3472 2660 3555 ipsius

687 3577 1004 3637 arbitratu
1070 3575 1343 3636 dictatas
1410 3575 1776 3656 composita,
1844 3596 1989 3637 cum
2061 3574 2310 3658 Regum
2371 3578 2661 3640 dominos

687 3687 875 3740 terrae
929 3679 1209 3759 ipsorum
1256 3678 1566 3740 nonnulla
1631 3686 1813 3760 parte
1881 3679 2292 3743 mulctaverit
2349 3681 2662 3744 violenter

690 3789 957 3843 extorta.
1071 3779 1206 3842 Sua
1260 3801 1515 3863 quaeque
1562 3781 1665 3843 vel
1714 3782 2149 3864 inexpugnata
2193 3783 2296 3846 vel
2349 3783 2663 3848 indefessa

686 3887 897 3968 potius
949 3905 1144 3950 manu
1195 3894 1432 3948 tutans.
1541 3884 1921 3948 Monarchia
1965 3895 2108 3969 post
2148 3887 2455 3962 Franciae,
2515 3910 2661 3950 cum

687 4009 884 4072 puero
945 3988 1318 4064 Monarcha,
1387 3990 1602 4071 ipsius,
1670 3989 2161 4052 consiliosissimi
2214 3991 2357 4064 viri,
2424 3991 2660 4066 tutelae,

687 4094 1041 4167 dictaturae,
1095 4101 1285 4174 atque
1327 4095 1865 4156 administrationi
1906 4095 2111 4157 cessit.
2221 4093 2516 4157 Marchio
2557 4095 2662 4156 hic

687 4197 960 4259 fascibus
985 4215 1060 4258 ac
1099 4196 1306 4259 titulis
1346 4197 1534 4278 longe
1574 4179 1845 4280 amplior
1886 4219 2076 4280 quam
2118 4199 2389 4261 strictim
2434 4200 2518 4261 sit
2560 4219 2664 4259 ex-
