3192 5050
838 599 1058 647 casm
1099 600 1452 649 wlLLELm
1491 599 1699 648 nums
1738 598 2292 649 NORMANNORUM.
2484 586 2567 649 93

597 751 709 804 aut
747 744 1127 807 seditionum
1169 744 1323 807 oriri
1363 743 1540 819 solet,
1581 743 1875 807 advocari
1914 762 1981 807 se
2019 745 2361 826 cogitabat.
2447 742 2563 807 Oe-

596 853 823 923 terum,
870 849 938 909 in
984 849 1214 910 itinere
1264 848 1437 910 haud
1488 847 1707 928 procul
1760 848 1843 909 ab
1897 847 2033 929 ipso
2085 856 2292 910 castro
2344 848 2565 911 obvios

595 948 823 1012 habuit
850 952 1152 1031 quosdam
1180 971 1306 1013 suae
1332 952 1578 1012 militiae
1603 949 1947 1031 Principes,
1974 949 2133 1012 fidos
2154 959 2561 1032 acceptosque

595 1053 732 1115 sibi.
814 1052 913 1115 Hi
948 1055 1280 1135 repentino
1325 1074 1577 1116 rumore
1631 1055 1700 1114 in
1756 1055 1912 1115 urbe
1968 1053 2373 1135 Rothomago
2426 1074 2564 1135 quae

600 1154 822 1219 Comes
865 1158 1162 1221 Arcensis
1204 1158 1494 1238 agitabat
1537 1157 1891 1230 audierant,
1935 1164 2001 1218 et
2048 1177 2192 1217 cum
2246 1158 2564 1238 equitibus

594 1262 892 1323 trecentis
912 1263 1282 1343 quantocius
1302 1262 1505 1324 Arcas
1523 1268 1933 1333 accesserant,
1953 1260 2007 1321 si
2025 1262 2565 1323 convectationem

595 1364 901 1426 frumenti
927 1372 994 1426 et
1034 1364 1303 1426 aliarum
1344 1384 1556 1424 rerum
1585 1370 1809 1425 contra
1834 1363 2224 1425 obsidionem
2252 1383 2564 1425 necessar-

595 1468 800 1529 iarum
852 1468 1187 1549 prohibere
1241 1466 1545 1530 valerent.
1636 1464 1901 1539 Verum,
1968 1466 2081 1527 ubi
2135 1475 2567 1547 cognoverunt

596 1572 905 1633 maximas
940 1573 1155 1653 copias
1189 1572 1467 1632 militum
1507 1570 1668 1631 inibi
1704 1577 2121 1652 congregatas
2157 1591 2324 1646 esse;
2379 1573 2567 1634 simul

597 1676 745 1755 quia
770 1676 1161 1748 metuebant,
1206 1675 1372 1756 ipsos
1397 1674 1593 1735 etiam
1638 1674 1747 1754 qui
1784 1677 1994 1736 secum
2037 1683 2346 1737 venerant
2391 1684 2571 1739 tran-

597 1779 826 1841 situros
861 1778 995 1841 fore
1042 1779 1125 1840 ad
1161 1777 1526 1839 societatem
1571 1776 1911 1851 willelmi,
1958 1785 2109 1840 ante
2155 1781 2392 1861 posteri
2440 1781 2567 1843 diei

597 1889 810 1944 ortum
856 1882 970 1963 (sic
991 1883 1081 1943 eis
1108 1882 1453 1943 amicorum
1473 1882 1688 1964 opinio
1714 1889 1953 1944 secreto
1979 1882 2381 1965 praedixerat)
2408 1883 2575 1945 diffi—

598 1985 652 2045 si
695 2004 884 2065 quam
932 1985 1217 2047 ocissime
1264 1984 1581 2046 redibant.
1666 1984 1826 2046 Haec
1875 1985 2180 2060 referunt,
2208 1995 2399 2068 atque
2427 1990 2567 2071 ipsi,

599 2096 672 2150 ut
699 2089 1045 2149 exercitum
1072 2086 1486 2170 praestoletur,
1526 2087 1857 2150 consilium
1885 2089 2061 2150 dant.
2146 2087 2409 2151 Etenim
2436 2094 2570 2173 ejus

598 2199 844 2273 partem
864 2190 1005 2273 plus
1020 2210 1210 2271 quam
1229 2189 1404 2251 fama
1422 2190 1847 2271 divulgaverit
1861 2192 2081 2265 deseri,
2098 2192 2395 2255 viciniam
2412 2215 2572 2275 pene

599 2315 852 2357 omnem
879 2296 948 2354 in
975 2294 1319 2355 adversarii
1340 2292 1622 2354 favorem
1642 2293 1997 2368 concedere,
2018 2294 2283 2357 ulterius
2310 2316 2571 2379 pergere

601 2418 744 2459 cum
772 2398 987 2479 paucis
1012 2397 1202 2458 nimis
1228 2393 1646 2476 periculosum
1673 2416 1824 2458 esse.
1907 2397 2000 2459 At
2020 2400 2379 2461 constantia
2404 2400 2573 2465 illius

601 2504 862 2564 minime
897 2502 997 2564 his
1033 2502 1116 2564 ad
1153 2519 1452 2582 pavorem
1494 2507 1589 2562 est
1629 2508 1823 2575 mota,
1870 2500 1972 2563 vel
2012 2502 2097 2564 ad
2135 2500 2572 2569 diffidentiam.

605 2605 780 2669 Nam
809 2627 916 2668 eos
930 2605 1309 2668 confirmans
1324 2604 1444 2666 hoc
1459 2623 1777 2686 responSO,
1801 2610 1835 2638 ‘⁴
1854 2605 2017 2667 nihil
2039 2607 2292 2687 quidem
2308 2608 2573 2672 rebelles

601 2711 668 2771 in
697 2731 782 2784 se,
803 2731 946 2772 cum
973 2717 1344 2792 praesentem
1365 2708 1820 2789 conspexerint,
1842 2707 2173 2784 ausurosss’,
2187 2731 2353 2787 mox,
2374 2732 2572 2794 quan-

605 2822 740 2875 tum
769 2814 1040 2876 calcaria
1065 2833 1293 2894 equum
1314 2831 1536 2894 cogere
1563 2819 1877 2892 poterant,
1906 2813 2266 2876 accelerans
2274 2817 2571 2896 perrexit.

605 2917 762 2998 Egit
787 2938 933 2981 eum
960 2918 1216 2998 propria
1240 2916 1579 2989 fortitud03
1611 2915 1979 2978 felicitatem
2002 2918 2062 2978 ei
2087 2920 2379 2999 promisit
2397 2921 2574 3000 justa

604 3041 809 3083 causa.
891 3019 981 3082 Et
1037 3040 1196 3092 ecce,
1249 3028 1324 3080 ut
1387 3019 1714 3080 seditionis
1775 3020 2124 3101 principem
2179 3022 2247 3082 in
2310 3023 2574 3105 praealto

605 3132 819 3186 monte
847 3145 990 3185 cum
1021 3123 1154 3184 acie
1181 3121 1529 3184 multarum
1555 3122 1880 3203 legionum
1907 3126 2244 3206 prospexit,
2272 3127 2481 3188 enisus
2505 3128 2573 3187 in

547 3273 560 3288 .
605 3229 800 3289 arduo
826 3235 1083 3288 cunctos
1107 3226 1282 3287 intra
1306 3225 1725 3286 munitionem
1754 3234 1937 3307 terga
1962 3227 2113 3289 dare
2140 3229 2573 3310 impigerrime

606 3331 928 3412 compulit.
1011 3331 1109 3391 Ac
1135 3331 1205 3389 ni
1230 3330 1625 3391 obstitissent
1652 3329 1840 3389 citius
1866 3330 2173 3392 obseratae
2199 3331 2387 3406 foreS‚
2414 3333 2578 3395 inse-

608 3440 808 3505 cutus,
846 3433 944 3492 uti
971 3433 1220 3492 animus
1268 3433 1470 3492 iratus
1507 3430 1814 3511 fortisque
1858 3430 2030 3505 tulit,
2056 3433 2225 3494 male
2262 3435 2578 3499 ominatos

609 3556 687 3596 ex
713 3554 949 3614 magna
973 3541 1155 3615 parte
1181 3534 1700 3596 obtruncavisset.

690 3637 854 3699 Rem
873 3657 1022 3699 vere
1047 3643 1314 3718 gestam,
1335 3645 1401 3698 et
1428 3637 1581 3718 quid
1606 3658 1799 3718 prope
1826 3647 2074 3718 gestum
2103 3648 2242 3702 erat
2269 3662 2578 3707 memora-

606 3759 766 3815 mus,
793 3740 904 3802 sed
923 3760 1058 3821 quae
1076 3739 1410 3822 posteritas
1429 3740 1681 3803 difficile
1704 3743 1788 3803 sit
1806 3743 2141 3806 creditura.
2225 3744 2393 3808 Dein
2414 3751 2578 3830 poti-

609 3848 666 3906 ri
718 3844 934 3908 volens
979 3843 1350 3918 munitione,
1391 3845 1567 3924 jussu
1614 3867 1877 3929 propere
1930 3857 2253 3912 contracto
2298 3855 2580 3916 exercitu

509 3933 512 3936 ⁴
610 3946 1030 4011 circumsedit.
1113 3946 1267 4009 Fuit
1319 3946 1781 4024 difficillimum,
1832 3971 1984 4031 quos
2036 3973 2115 4014 ea
2164 3963 2397 4018 natura
2455 3957 2579 4020 loci

610 4055 885 4115 maxime
912 4051 1300 4125 defensabat,
1329 4070 1709 4132 expugnare.
1798 4052 1963 4117 Sane
1990 4077 2165 4119 more
2192 4079 2304 4123 suo
2330 4060 2442 4123 illo
2468 4083 2578 4144 op-

612 4158 788 4231 timo,
829 4166 966 4220 rem'
993 4164 1220 4238 optans
1246 4155 1479 4237 absque
1507 4177 1725 4220 cruore
1753 4157 2105 4224 confectum
2133 4163 2249 4226 iri:
2291 4163 2583 4229 efferatos
