3192 5050
814 613 972 662 wm.
1013 611 1295 662 οΑΒΜΕΝ
1334 611 1428 660 nn
1465 609 1843 685 nAssrmeAE
1882 609 2163 660 ruffino.
2402 592 2484 659 37

599 755 689 821 Et
713 766 788 821 tu
814 758 967 840 quid
992 758 1204 831 facies,
1229 756 1354 819 nisi
1381 757 1546 839 quod
1571 757 1816 837 majora
1840 753 2123 836 parando

681 861 990 926 Succedas
1007 862 1136 924 illis
1161 881 1276 944 per
1300 861 1640 943 probitatis
1658 880 1843 942 opem
1866 859 1889 921 ἓ
1910 854 1943 884 ”

599 964 801 1029 Paulo
826 967 1150 1040 conticuit,
1178 966 1414 1028 faciens
1439 973 1508 1028 et
1533 985 1601 1027 se
1626 969 2036 1036 remoratum,

675 1070 980 1132 Armatas
1000 1070 1166 1132 acies
1189 1069 1445 1131 ordinat
1464 1068 1766 1150 imperio:

599 1171 914 1236 Praemisit
939 1174 1184 1255 pedites
1207 1173 1605 1235 committere
1631 1170 1801 1233 bella
1824 1170 2097 1252 sagittis,

677 1275 766 1338 Et
792 1276 1166 1339 balistantes
1191 1276 1414 1338 inserit
1440 1276 1507 1336 in
1527 1274 1757 1348 medio,

605 1377 916 1460 Quatinus
941 1379 1214 1462 infigant
1238 1379 1580 1441 volitantia
1604 1377 1886 1440 vultibus
1910 1397 2109 1451 arma,

676 1481 1190 1566 Vulneribusque
1217 1483 1384 1546 datis
1409 1502 1526 1544 ora
1547 1490 1719 1544 retro
1744 1481 2001 1544 faciant.

605 1587 842 1651 Ordine
869 1595 1012 1669 post
1037 1587 1282 1670 pedites
1308 1595 1520 1668 sperat
1545 1586 1829 1649 stabilire
1861 1585 2172 1668 Quiritem

679 1691 956 1755 Occursu
982 1691 1136 1754 belli
1161 1691 1272 1753 sed
1297 1692 1420 1754 sibi
1444 1711 1572 1752 non
1594 1690 1811 1753 licuit:

597 1795 783 1859 Haut
807 1794 1026 1878 procul
1045 1793 1304 1856 hostiles
1330 1815 1560 1857 cuneos
1577 1814 1729 1856 nam
1755 1795 1958 1857 cernit
1984 1795 2221 1869 adesse,

677 1899 766 1962 Et
791 1899 1050 1981 plenum
1076 1899 1224 1961 telis
1248 1899 1556 1961 irradiare
1584 1918 1825 1960 nemus.

605 2003 803 2076 Mars,
833 2001 1010 2065 Deus
1036 2023 1076 2065 o
1102 2002 1274 2077 belli,
1301 2002 1531 2084 gladiis
1559 2003 1669 2084 qui
1696 2011 1943 2084 sceptra
1968 2021 2233 2076 coerces,

680 2106 961 2190 Corpora
986 2109 1088 2170 cui
1107 2111 1410 2189 juvenum
1437 2106 1923 2188 sanguinolenta
1949 2107 2203 2188 placent

599 2210 688 2274 Et
714 2231 900 2274 cruor
924 2210 1152 2273 effusus
1177 2211 1498 2293 permulta
1523 2211 1691 2272 caede
1718 2210 2022 2284 virorum,

679 2313 834 2396 Quis
852 2315 976 2377 tibi
993 2322 1146 2376 tunc
1173 2316 1441 2389 animus,
1469 2323 1711 2396 quanta
1736 2315 1962 2396 cupido
1988 2315 2163 2390 mali,

602 2417 762 2481 Cum
789 2419 1034 2481 medius
1059 2439 1251 2482 saevas
1277 2420 1442 2481 acies
1467 2420 1767 2480 miserere
1788 2420 2086 2500 jubebas!

676 2522 814 2606 Quo
839 2524 1050 2607 potius
1070 2523 1315 2586 nullum
1343 2532 1408 2585 te
1423 2528 1610 2606 juvat
1638 2525 1973 2599 excidium,

601 2625 704 2688 Ex
729 2647 853 2709 quo
882 2625 1256 2709 Pompeium
1284 2629 1605 2710 superavit
1632 2628 1843 2691 Julius
1862 2631 2074 2705 armis,

679 2728 770 2791 Et
797 2730 1091 2793 Romana
1115 2732 1237 2793 sibi
1263 2732 1501 2793 moenia
1519 2732 1852 2814 subripuit,

604 2831 927 2915 Compulit
953 2842 1144 2915 atque
1171 2842 1346 2895 metu
1377 2833 1519 2896 Nili
1544 2836 1815 2897 transire
1836 2857 1949 2918 per
1974 2858 2248 2914 amnem,

680 2936 882 2999 Nulla
906 2958 1048 2999 reor
1073 2938 1271 2999 caedes
1289 2946 1425 3000 tam
1453 2938 1576 2999 tibi
1603 2948 1791 3020 grata
1818 2940 1959 3003 fuit.

602 3038 671 3101 N
671 3060 741 3101 ec
755 3040 1036 3121 juvenile
1062 3040 1267 3114 decus,
1287 3058 1405 3101 nec
1425 3050 1490 3102 te
1507 3043 1854 3105 reverenda
1872 3054 2177 3120 senectus,

682 3141 824 3206 Nec
850 3144 1135 3224 peditum
1154 3144 1300 3205 vilis
1327 3152 1393 3205 et
1419 3146 1779 3207 miseranda
1802 3168 2046 3223 manus,

602 3247 890 3311 Flectere
916 3268 1034 3309 nec
1059 3247 1264 3311 valuit
1289 3256 1356 3309 te
1375 3249 1733 3314 nobilitudo
1758 3260 2115 3333 parentum,

681 3351 848 3434 Quin
877 3372 1095 3433 ageres
1115 3352 1410 3433 quicquid
1428 3374 1607 3416 mens
1625 3363 1740 3417 tua
1764 3364 1949 3419 torva
1972 3360 2166 3439 cupit.

605 3456 884 3521 Caecatos
902 3456 1164 3519 miseros
1189 3457 1510 3520 radiantia
1534 3460 1740 3521 trudis
1760 3462 1827 3523 in
1856 3482 2056 3537 arma,

683 3560 774 3623 Et
800 3561 1001 3625 veluti
1026 3561 1244 3622 ludum
1266 3562 1440 3643 cogis
1465 3563 1643 3625 adire
1660 3584 1899 3629 necem.

607 3664 773 3747 Quid
798 3684 1012 3727 moror
1031 3664 1098 3724 in
1119 3665 1348 3738 verbiS,
1369 3685 1514 3727 cum
1527 3669 1665 3747 jam
1692 3667 1868 3729 furor
1894 3678 2071 3732 extat
2099 3671 2166 3734 in
2188 3672 2423 3736 armis?

681 3766 885 3849 Exple
912 3767 1074 3830 velle
1101 3776 1304 3841 tuum,
1335 3767 1532 3844 Mars,
1561 3792 1679 3853 age
1707 3774 1931 3837 mortis
1956 3794 2129 3857 opus·

605 3870 706 3933 Ex
732 3872 1050 3953 inproviso
1077 3870 1332 3934 diffudit
1359 3872 1519 3936 silva
1544 3875 1853 3951 cohortes,

682 3973 772 4036 Et
798 3976 1074 4036 nemoris
1100 3974 1361 4038 latebris
1387 3980 1648 4059 agmina
1671 3981 2025 4061 prosiliunt.

606 4076 798 4142 Mons
817 4078 990 4140 silvae
1015 4078 1260 4140 vicinus
1287 4088 1425 4142 erat
1450 4082 1784 4165 vicinaque
1809 4085 2011 4160 vallis,

681 4180 773 4244 Et
798 4202 927 4244 non
954 4181 1162 4243 cultus
1188 4203 1340 4265 ager
1365 4187 1707 4267 asperitate
1735 4190 1849 4251 sui.

603 4286 835 4369 Anglis
854 4294 926 4348 ut
946 4305 1084 4349 mos
1108 4295 1223 4361 est,
1251 4287 1564 4351 densatim
1592 4292 2065 4397 progrediente-s
