3192 5050
796 568 1015 617 essu
1055 570 1405 620 WILLELMI
1444 573 1649 621 Duc1s
1688 571 2233 621 NORMANNORUM.
2370 558 2486 621 111

546 712 808 789 penuria
832 714 1172 797 fatigatum
1211 718 1553 780 exercitum
1594 719 1969 783 reducebat:
2008 738 2242 802 magno
2278 719 2493 781 animo

545 834 920 893 praesumens
949 818 1274 883 Gonanum
1301 843 1414 904 pro
1433 824 1621 885 venia
1647 823 1862 885 delicti
1889 836 1955 885 et
1970 824 2183 905 gratia
2206 823 2493 905 propedi-

545 936 647 978 em
674 919 1168 1002 deprecaturum.
1224 926 1318 988 At
1343 927 1669 989 excedenti
1681 930 1817 1008 jam
1846 926 2193 991 Britanniae
2219 928 2490 989 limitem

545 1032 802 1103 repente
827 1028 1142 1092 indicatur
1164 1028 1549 1093 Gaufredum
1566 1030 2086 1113 Andegavensem
2112 1052 2256 1094 cum
2272 1032 2493 1113 ingen-

543 1126 714 1190 tibus
738 1132 932 1213 copiis
961 1131 1217 1197 Conano
1242 1134 1430 1197 fuisse
1455 1138 1875 1216 conjunctum,
1902 1144 1969 1197 et
1994 1136 2212 1197 ambos
2242 1145 2495 1217 postero

545 1231 649 1293 die
671 1235 1023 1314 praeliatum
1051 1236 1370 1303 affuturos.
1452 1238 1677 1321 Itaque
1704 1240 2047 1321 opperitur,
2073 1237 2401 1301 conflictus
2416 1257 2495 1299 eo

544 1338 843 1418 cupidior,
861 1342 1029 1421 quod
1040 1341 1367 1424 gloriosius
1385 1344 1800 1425 intelligebat,
1816 1342 2209 1425 triumphum
2218 1343 2296 1404 de
2311 1342 2493 1403 hoste

545 1440 714 1516 bino,
740 1452 1004 1527 utroque
1031 1447 1314 1522 immani,
1341 1436 1466 1511 uno
1491 1449 1783 1529 consequi
1799 1448 2159 1509 certamine.
2240 1445 2346 1509 Ad
2369 1444 2491 1506 hoc

545 1544 678 1607 fore
720 1547 1132 1631 multiplicem
1177 1554 1452 1633 ejusdem
1494 1554 1803 1636 triumphi
1852 1552 2146 1615 fructum.
2227 1548 2496 1613 Ruallus

547 1658 778 1727 autem,
831 1657 1004 1735 cujus
1043 1656 1111 1716 in
1158 1658 1476 1720 territorio
1521 1660 1799 1720 tentoria
1839 1656 2215 1739 figebantur,
2262 1652 2493 1717 affatur

549 1757 816 1836 querela.
896 1765 932 1793 “
951 1758 1197 1823 Haberi
1223 1763 1475 1845 quidem
1500 1771 1777 1846 gratum,
1817 1763 1982 1845 quod
2008 1763 2089 1824 ab
2136 1761 2394 1822 inimica.
2424 1758 2492 1821 vi

546 1880 658 1939 per
689 1880 835 1924 eum
863 1862 1054 1927 fuerit
1091 1874 1359 1945 ereptus,
1401 1868 1454 1929 si
1480 1866 1827 1949 proficuum
1854 1884 1981 1928 non
2014 1863 2222 1926 deleat
2255 1864 2491 1925 incom-

545 1964 750 2027 modo.
805 1964 873 2027 N
874 1986 978 2029 am
999 1969 1052 2031 si
1072 1969 1535 2050 praestolaturus
1553 1970 1893 2043 consideat,
1910 1969 2229 2050 regionem
2249 1966 2495 2028 modice

545 2066 898 2132 foecundam
937 2072 1127 2135 nimis
1177 2082 1569 2135 attenuatam
1610 2073 1892 2135 funditus
1938 2072 2268 2134 devastari.
2350 2068 2493 2133 Nec

544 2192 737 2254 penes
787 2176 1092 2256 agricolas
1136 2178 1454 2253 interesse,
1510 2176 1940 2240 Normannico
1985 2197 2067 2238 an
2123 2174 2491 2237 Britannico
2546 2161 2551 2169 ¹

545 2279 819 2340 exercitu
844 2282 1194 2364 consumpti
1219 2283 1372 2343 anni
1405 2280 1685 2344 laborem
1712 2280 2055 2342 amiserint.
2138 2277 2277 2340 Sibi
2303 2277 2497 2339 modo

543 2382 627 2444 ad
652 2383 888 2447 famam
913 2386 1196 2461 valuisse,
1222 2408 1348 2449 non
1375 2386 2005 2449 adconservationem
2027 2403 2261 2457 rerum,
2290 2380 2490 2447 Cona-

543 2487 613 2548 ni
639 2487 1122 2571 depulsionem.”
1205 2489 1737 2555 Considerandum
1766 2508 1897 2554 esse
1929 2488 2056 2550 dux
2095 2486 2493 2570 respondens,

544 2613 623 2653 ne
651 2593 939 2655 discessio
964 2597 1400 2676 properantior
1435 2595 1793 2678 opinionem
1821 2593 2029 2676 pariat
2053 2593 2263 2654 minus
2292 2592 2490 2653 hono-

544 2717 701 2772 ram,
754 2699 1120 2762 detrimenti
1173 2701 1678 2783 recompendium
1731 2702 1800 2760 in
1851 2719 2007 2762 auro
2058 2697 2487 2780 plenissimum

543 2803 878 2883 promittit.
965 2803 1198 2868 Statim
1227 2805 1442 2868 Rualli
1469 2814 1708 2887 segetes
1733 2804 2043 2866 militibus
2067 2803 2388 2866 interdicit
2414 2822 2489 2862 ac

543 2927 785 2987 pecora.
868 2906 1387 2992 obtemperatum
1413 2919 1510 2972 est
1534 2919 1843 2992 praecepto
1869 2929 1947 2970 ea
1981 2908 2387 2980 continentia,
2416 2914 2487 2967 ut

543 3009 846 3072 frumenti
889 3013 1246 3095 manipulus
1272 3015 1490 3076 unicus
1535 3015 1619 3074 ad
1662 3012 2255 3094 recompensandum
2300 3030 2486 3073 omne

542 3113 843 3176 damnum
885 3118 1435 3198 superabundaret.
1520 3116 1855 3192 Certamen
1905 3117 2318 3196 nequicquam
2364 3112 2489 3174 fuit

543 3228 959 3300 expectatum,
995 3222 1350 3285 adversario
1394 3223 1599 3304 magis
1623 3223 1690 3282 in
1728 3221 2028 3283 ulteriora
2071 3219 2484 3301 profugiente.

544 3320 855 3407 Receptus
888 3327 957 3386 in
999 3346 1112 3388 sua
1137 3347 1460 3408 percarum
1488 3327 1798 3407 hospitem
1826 3323 2199 3396 Heraldum,
2226 3321 2393 3404 apud
2418 3342 2485 3384 se

541 3438 682 3508 post
707 3440 1022 3493 moratum
1050 3431 1432 3514 aliquandiu,
1459 3432 1638 3494 donis
1662 3437 1953 3492 onustum
1981 3428 2254 3502 remisit3
2295 3427 2486 3507 digne·

542 3542 827 3617 utroque,
855 3544 921 3598 et
955 3539 1132 3618 cujus
1150 3539 1345 3618 jussu,
1381 3545 1447 3598 et
1485 3556 1600 3618 pro
1637 3537 1732 3616 cuj
1739 3555 1812 3596 us
1844 3534 2080 3596 honore
2104 3531 2490 3611 ampliando,

543 3649 819 3703 venerat.
903 3639 1067 3722 Quin
1110 3642 1304 3704 etiam
1343 3639 1663 3702 fratruelis
1714 3642 1863 3720 ejus,
1906 3637 2067 3700 alter
2106 3637 2302 3709 obseS,
2339 3655 2485 3696 cum

543 3744 678 3823 ipso
705 3744 899 3806 redux
923 3753 1179 3824 propter
1206 3747 1409 3825 ipsum
1435 3745 1716 3807 redditus
1750 3752 1865 3806 est.
1946 3741 2172 3806 Paucis
2196 3742 2393 3823 igitur
2417 3747 2489 3802 te

542 3847 894 3924 affabimur,
921 3848 1222 3913 Heralde.
1323 3857 1360 3885 ‘⁶
1392 3849 1530 3933 Qua
1555 3857 1768 3911 mente
1809 3856 1949 3930 post
1985 3848 2117 3910 haec
2154 3845 2491 3909 Willelmo

541 3956 973 4018 haereditatem
995 3956 1257 4031 auferre,
1274 3956 1508 4018 bellum
1528 3954 1784 4028 inferre,
1806 3973 1989 4016 ausus
2014 3971 2100 4027 ea,
2116 3952 2217 4014 cui
2242 3959 2307 4012 te
2332 3971 2491 4033 gen·

540 4069 792 4143 temque
820 4071 1000 4124 tuam
1041 4069 1428 4124 sacrosancto
1463 4060 1871 4142 jurejurando
1916 4058 2230 4139 subjecisti
2266 4065 2379 4119 tua·
2419 4064 2490 4117 et

541 4166 761 4248 lingua
786 4174 852 4228 et
894 4165 1131 4227 manui
1215 4163 1508 4227 Ooe'rcere
1536 4163 1827 4236 debuisti,
1871 4171 1937 4224 et
1973 4161 2488 4241 perniciosissime

541 4273 886 4335 concitasti.
971 4269 1317 4332 Infeliciter
1382 4269 1635 4332 secundi
1696 4266 1903 4341 flatus,
1964 4266 2071 4348 qui
2130 4264 2487 4347 nigerrimis
