3192 5050
789 656 1006 704 eEs'rA
1048 654 1398 703 WILLELMI
1436 654 1641 701 nU01s
1682 653 2233 702 NORMANNORUM.
2388 639 2505 701 131

548 802 700 865 data
723 802 944 863 eadem
964 799 1250 862 Heraldo
1275 799 1804 881 appropinquanti
1830 818 1943 880 per
1968 800 2347 861 monachum
2369 808 2516 861 sunt

550 906 768 980 relata,
809 914 1059 986 stupore
1086 903 1410 986 expalluit,
1435 911 1627 985 atque
1666 903 1777 964 diu
1811 911 1884 965 ut
1920 903 2190 985 elinguis
2230 904 2517 966 obticuit.

553 1009 886 1091 Rogitanti
905 1017 1118 1070 autem
1136 1028 1498 1090 responsum
1511 1008 1726 1089 legato
1743 1008 1935 1070 semel
1952 1017 2017 1070 et
2035 1010 2287 1083 iterum,
2314 1010 2520 1091 primo

551 1115 902 1195 respondit:
945 1118 981 1146 “
1012 1112 1340 1194 Pergimus
1385 1113 1781 1174 continenter
1798 1110 1853 1186 ;'’
1900 1114 2188 1187 secundo,
2230 1120 2266 1147 ‘⁶
2302 1112 2521 1195 Pergi-

551 1240 689 1280 mus
715 1220 797 1281 ad
822 1215 1152 1301 pretium.‘’
1238 1216 1528 1279 Instabat
1551 1216 1799 1298 legatus
1825 1226 1897 1279 ut
1924 1217 2097 1280 aliud
2124 1219 2521 1300 respondere-

551 1340 675 1397 tur,
715 1332 1002 1405 repetens
1042 1329 1078 1356 ‘⁶
1106 1343 1233 1384 non
1270 1322 1600 1383 interitum
1628 1324 2035 1396 exercituum,
2076 1324 2184 1384 sed
2204 1324 2519 1405 singulare

551 1436 870 1488 certamen
899 1425 1273 1489 Normanno
1316 1424 1483 1488 Duci
1524 1423 1828 1507 placere.”
1910 1425 2083 1489 Nam
2110 1429 2210 1490 vir
2235 1437 2522 1491 strenuus

551 1539 617 1593 et
642 1532 842 1594 bonus
859 1534 1100 1613 justum
1120 1531 1358 1612 aliquid
1392 1551 1466 1592 ac
1489 1530 1707 1593 laetum
1728 1533 2109 1607 renuntiare,
2146 1554 2264 1595 nec
2290 1533 2523 1595 multos

552 1636 916 1698 occumbere
942 1635 1229 1710 volebat3
1271 1634 1542 1697 Heraldi
1577 1644 1786 1717 caput,
1822 1658 1937 1718 pro
1965 1657 2087 1718 quo
2112 1639 2320 1699 minor
2344 1638 2522 1699 forti-

552 1740 725 1814 tudo,
763 1742 1023 1823 aequitas
1048 1740 1223 1803 nulla
1247 1748 1464 1815 staret,
1505 1761 1794 1803 casurum
1821 1741 2155 1805 confidens.
2238 1742 2417 1805 Tum'
2432 1742 2518 1804 le-

554 1853 703 1907 vato
730 1844 1049 1908 Heraldus
1068 1846 1135 1906 in
1162 1845 1388 1908 coelum
1413 1845 1615 1920 vultu,
1638 1848 1764 1908 ait:
1806 1846 2117 1909 Dominus
2142 1849 2310 1909 inter
2326 1868 2429 1909 me
2456 1856 2522 1909 et

555 1948 955 2013 WVillelmum
984 1952 1169 2013 hodie
1186 1951 1351 2032 quod
1369 1952 1612 2031 justum
1638 1960 1734 2013 est
1748 1950 2099 2014 decernat.”
2188 1952 2524 2033 Regnandi

555 2055 860 2135 siquidem
887 2055 1178 2136 cupidine
1205 2063 1489 2128 caecatus,
1529 2055 1719 2117 simul
1745 2056 1828 2118 ob
1854 2056 2339 2137 trepidationem
2366 2056 2523 2118 obli-

557 2167 659 2219 tus
697 2160 959 2239 injuriae,
998 2160 1443 2221 conscientiam
1471 2160 1537 2218 in
1565 2160 1815 2220 ruinam
1853 2161 1950 2221 sui
1975 2168 2217 2221 rectum
2248 2161 2523 2240 judicem

556 2264 820 2344 optavit.

638 2366 895 2429 Interea
938 2368 1332 2450 exploratum
1375 2368 1599 2430 directi
1647 2366 1843 2430 Ducis
1889 2371 2065 2450 jussu
2099 2370 2525 2450 probatissimi

557 2474 814 2556 equites,
853 2473 1098 2536 hostem
1126 2472 1338 2534 adesse
1365 2473 1478 2534 citi
1503 2473 1825 2535 nunciant.
1907 2471 2322 2536 Accelerabat
2354 2475 2525 2536 enim

559 2599 633 2640 eo
667 2580 870 2660 magis
897 2577 1035 2640 Rex
1066 2578 1455 2652 furibundus,
1497 2578 1664 2659 quod
1706 2579 2057 2660 propinqua
2091 2579 2311 2639 castris
2357 2577 2426 2640 N
2425 2600 2523 2641 or-

559 2704 932 2745 mannorum
984 2684 1221 2745 vastari
1268 2683 1573 2744 audierat.
1658 2680 1988 2744 Nocturno
2025 2683 2222 2744 etiam
2275 2683 2525 2746 incursu

558 2797 671 2850 aut
698 2790 1024 2871 repentino
1049 2789 1258 2850 minus
1282 2796 1498 2851 cautos
1533 2788 1885 2869 opprimere
1911 2789 2249 2868 cogitabet.
2330 2787 2421 2850 Et
2445 2810 2526 2851 ne

558 2893 843 2975 perfugio
870 2894 1138 2966 abirent,
1177 2893 1370 2954 classe
1397 2901 1648 2954 armata
1673 2893 1756 2954 ad
1788 2894 2217 2976 septingentas
2242 2913 2433 2955 naves
2459 2895 2527 2954 in

561 2999 724 3059 mari
747 3007 1118 3081 opposuerat
1144 2998 1419 3060 insidias.
1500 2996 1651 3060 Dux
1675 3019 1934 3080 propere
1972 3007 2278 3080 quotquot
2302 3000 2370 3059 in
2398 3019 2529 3061 cas-

560 3103 676 3164 tris
711 3103 953 3165 inventi
995 3115 1160 3176 sunt,
1201 3103 1522 3185 (pleraque
1564 3103 1736 3163 enim
1772 3103 2079 3164 sociorum
2121 3123 2266 3184 pars
2308 3124 2383 3165 eo
2425 3104 2527 3164 die

559 3208 928 3287 pabulatum
972 3205 1158 3286 ierat)
1211 3227 1428 3270 omnes
1461 3207 1645 3288 jubet
1691 3207 1945 3268 armari.
2029 3205 2173 3286 Ipse
2226 3209 2527 3288 mysterio

563 3311 781 3373 Missae
806 3331 994 3392 quam
1021 3313 1299 3373 maxima
1341 3331 1484 3373 cum
1527 3311 1860 3373 devotione
1904 3313 2214 3386 assistenS,
2254 3313 2529 3392 corporis

562 3437 636 3478 ac
671 3416 993 3496 sanguinis
1031 3414 1352 3477 Dominici
1377 3415 1945 3477 communicatione
1978 3435 2160 3477 suum
2200 3423 2266 3476 et
2305 3436 2529 3496 corpus

565 3529 632 3582 et
668 3522 946 3582 animam
993 3521 1285 3583 munivit.
1365 3518 1693 3600 Appendit
1733 3521 1927 3581 etiam
1962 3520 2188 3581 humili
2225 3521 2385 3583 collo
2420 3541 2532 3584 suo

564 3625 877 3708 reliquias,
917 3645 1180 3706 quarum
1212 3624 1492 3687 favorem
1539 3623 1860 3686 Heraldus
1885 3624 2354 3688 abalienaverat
2386 3626 2529 3700 sibi,

479 3711 484 3714 ¹
564 3731 802 3795 violata
834 3729 958 3792 fide
985 3749 1172 3812 quam
1199 3749 1383 3810 super
1416 3751 1522 3792 eas
1550 3730 1824 3812 jurando
1850 3740 2159 3792 sanxerat.
2241 3730 2529 3793 Aderant

564 3836 851 3899 comitati
895 3856 932 3897 e
968 3833 1369 3896 Normannia
1394 3835 1518 3897 duo
1567 3834 1939 3909 Pontifices3
1987 3833 2124 3897 Odo
2152 3833 2529 3910 BaiocensiS,

564 3949 632 4004 et
653 3939 1012 4004 Goisfredus
1035 3937 1486 4002 Constantinus
1504 3961 1519 4014 ;
1539 3961 1671 4002 una
1696 3939 1934 4001 multus
1957 3938 2192 4015 Clerus,
2220 3951 2287 4002 et
2304 3941 2532 4004 Mona-

565 4046 668 4108 chi
692 4045 996 4107 nonnulli.
1078 4042 1158 4105 Id
1188 4041 1536 4126 Collegium
1554 4045 1842 4125 precibus
1860 4059 2141 4126 pugnare
2162 4046 2531 4126 disponitur.

568 4149 860 4213 Terreret
879 4149 1075 4211 alium
1101 4148 1330 4222 loricae,
1371 4150 1521 4211 dum
1541 4151 1896 4223 vestiretur,
1924 4150 2180 4212 sinistra
2194 4151 2531 4212 conversio,

567 4255 757 4319 Hanc
783 4255 1246 4318 conversionem
1273 4255 1412 4335 risit
1439 4255 1546 4318 ille
1566 4264 1639 4317 ut
1658 4275 1889 4328 casum,
1928 4275 2074 4330 non,
2114 4262 2188 4316 ut
2213 4254 2366 4317 mali
2392 4273 2533 4334 pro-

571 4361 830 4444 digium,
871 4360 1142 4440 expavit.
