3192 5050
796 616 1014 665 GESTA
1057 615 1408 665 w1LLnLM1
1450 616 1654 665 nuc1s
1694 616 2241 667 NORMANNORUM.
2290 587 2295 595 ’
2364 603 2481 669 151

530 770 603 823 ut
673 760 956 844 opimum
1003 761 1276 823 fructum
1321 762 1601 825 victoriae
1638 774 1858 825 'secum
1886 783 2102 826 omnes
2141 764 2483 847 percepisse

527 866 892 948 gauderent.
975 864 1081 926 Ita
1119 864 1338 927 solutis
1376 868 1642 930 navibus
1668 868 1948 929 omnium
1990 869 2217 929 animis
2242 867 2483 930 laetissi-

529 971 668 1044 mis,
695 973 762 1031 in
799 970 1086 1032 altricem
1114 978 1350 1051 terram
1376 972 1745 1052 provehitur
1790 973 2059 1034 secundo
2098 980 2165 1033 et
2202 980 2392 1035 vento
2418 980 2485 1035 et

527 1084 701 1138 aestu.
799 1075 1214 1138 Tramnissio
1225 1076 1358 1137 haec
1399 1097 1573 1138 mare
1618 1077 1727 1137 diu
1753 1078 2020 1158 pacavit,
2062 1078 2272 1159 pirata
2308 1077 2483 1139 omni

528 1180 741 1261 procul
793 1180 1030 1261 fugato.
1114 1157 1514 1241 Felicitatem
1557 1188 1862 1254 actorum,
1909 1201 2045 1262 quae
2085 1183 2192 1263 qui
2237 1183 2485 1245 noverit

529 1285 755 1345 merito
770 1284 1136 1357 admiratur,
1150 1283 1350 1345 multo
1359 1284 1564 1365 magis
1573 1284 2010 1347 admirandam
2021 1284 2307 1347 celeritas
2315 1285 2485 1347 fecit.

535 1388 857 1470 Siquidem
889 1387 1177 1451 Octobris
1203 1389 1454 1451 circiter
1476 1388 1803 1464 Calendas,
1824 1389 1943 1463 die,
1971 1408 2094 1470 quo
2112 1391 2483 1452 memoriam
2540 1402 2543 1406 ’

531 1492 916 1575 Archangeli
965 1492 1300 1555 Michaelis
1345 1492 1629 1555 Ecclesia
1671 1494 2082 1567 concelebrat,
2123 1510 2360 1555 terram
2404 1494 2486 1555 ad

529 1596 841 1671 hostilem,
881 1597 1108 1659 dubius
1160 1617 1347 1678 quem
1393 1605 1876 1679 consequeretur
1928 1606 2244 1673 eventum,
2288 1598 2483 1660 abiit:

528 1721 740 1762 mense
763 1700 1040 1763 Martio'
1023 1722 1090 1761 m
1117 1701 1324 1763 sinum
1350 1702 1573 1784 patriae
1601 1702 1881 1764 redditus
1906 1709 2020 1776 est,
2046 1701 2271 1763 melius
2297 1722 2484 1783 quam

528 1806 760 1888 scripta
783 1814 1000 1868 nostra
1025 1814 1342 1888 exponant
1367 1808 1552 1869 rebus
1576 1808 1789 1888 gestis.

609 1908 819 1972 Julius
868 1908 1074 1972 Oaesar
1117 1910 1216 1973 bis
1275 1919 1669 1973 transvectus
1716 1913 1782 1972 in
1827 1912 2027 1993 ipsam
2083 1868 2485 1974 Britanniam

529 2014 795 2077 navibus
838 2014 1033 2089 mille,
1081 2014 1260 2096 (nam
1299 2014 1530 2095 Anglis
1581 2036 1812 2077 nomen
1861 2018 2181 2098 antiquius
2222 2025 2318 2078 est
2345 2014 2486 2077 Bri-

528 2118 786 2199 tanniae)
832 2139 960 2181 non
1011 2139 1184 2200 seque
1237 2139 1472 2200 magna
1524 2120 1770 2201 peregit
1822 2121 2029 2202 prima
2079 2121 2233 2195 vice,
2287 2142 2403 2183 nee
2444 2140 2487 2181 a

528 2223 742 2287 littore
795 2225 1042 2307 longius
1081 2225 1391 2307 progredi,
1439 2244 1552 2285 nec
1600 2225 1667 2285 in
1708 2225 1940 2299 littore,
1982 2226 2237 2287 tametsi
2276 2226 2489 2307 patria

528 2329 975 2391 consuetudine
1015 2337 1225 2391 castra
1265 2329 1587 2403 munierit,
1617 2329 1859 2392 diutius
1894 2332 2131 2393 morari
2158 2351 2343 2393 ausus
2368 2339 2485 2392 est.

531 2432 811 2496 Transiit
850 2434 919 2495 in
965 2442 1248 2496 extremo
1299 2434 1553 2508 aestatiS,
1609 2434 1799 2496 rediit
1851 2442 2000 2497 ante
2042 2436 2486 2517 aequinoctium

529 2540 694 2621 quod
745 2560 936 2622 prope
990 2541 1292 2602 instabat.
1380 2538 1775 2601 Perturbatae
1828 2549 1974 2602 sunt
2025 2541 2303 2622 legiones
2353 2544 2487 2622 ejus

528 2663 760 2724 magno
794 2651 990 2718 metu,
1028 2665 1174 2706 cum
1213 2663 1406 2706 naves
1446 2644 1683 2724 partim
1722 2643 1939 2706 fractae
1978 2653 2133 2706 aestu
2160 2644 2484 2706 maritimo

529 2756 641 2809 aut
665 2747 978 2822 fluctibus,
1010 2749 1245 2830 partim
1281 2748 1538 2810 inutiles
1573 2749 1657 2809 ad
1688 2749 2117 2831 navigandum
2148 2758 2355 2812 essent
2388 2771 2489 2812 ar-

530 2853 867 2914 mamentis
905 2853 1182 2918 amissis„
1248 2852 1498 2935 Aliquae
1537 2853 1847 2928 civitates,
1889 2855 2186 2935 quoniam
2236 2855 2303 2915 in
2354 2857 2489 2918 otio

531 2956 774 3036 agitare
813 2975 1002 3037 quam
1038 2955 1338 3038 populum
1373 2955 1753 3031 Romanum,
1786 2959 1881 3039 cuj
1888 2979 1961 3020 us
1989 2959 2319 3020 tremenda
2348 2968 2487 3021 erat

532 3080 645 3140 per
677 3061 985 3122 mundum
1009 3061 1243 3142 opini0,
1282 3059 1527 3124 hostem
1554 3061 1826 3124 tolerare
1852 3062 2215 3136 mallebant,
2242 3063 2488 3125 obsides

531 3165 593 3224 ei
627 3163 954 3227 dederunt.
1035 3162 1353 3240 Ceterum,
1381 3186 1534 3246 quos
1560 3166 1628 3225 in
1655 3166 2082 3228 continentem
2106 3165 2353 3228 obsides
2378 3167 2487 3228 ad·-

531 3267 756 3330 ducere
811 3270 1166 3352 imperavit,
1226 3277 1456 3352 praeter
1515 3269 1672 3330 duas
1736 3277 1979 3330 cunctae
2037 3269 2486 3350 neglexerunt3

534 3392 893 3455 quanquam
940 3375 1008 3435 in
1055 3373 1280 3456 Belgio
1324 3394 1468 3435 cum
1517 3374 1782 3435 immani
1827 3373 2103 3436 exercitu
2154 3373 2487 3436 hibernare

531 3497 675 3536 eum
715 3478 1026 3540 noverint.
1113 3476 1401 3540 Secundo
1426 3475 1669 3560 pedites
1694 3474 2014 3540 Romanos
2039 3485 2105 3539 et
2138 3478 2378 3558 equites
2402 3477 2488 3538 ad

528 3578 733 3641 millia
785 3580 915 3642 fere
968 3588 1221 3643 centum
1277 3582 1751 3664 transportavit,
1815 3601 1943 3642 una
1994 3601 2071 3642 ex
2122 3581 2487 3643 civitatibus

533 3681 754 3745 Galliae
797 3684 1033 3767 primos
1077 3687 1476 3768 quamplures
1517 3707 1660 3748 cum
1688 3705 1904 3748 eorum
1932 3685 2236 3768 equitatu.
2320 3683 2487 3766 Quid

529 3788 728 3868 igitur
753 3789 940 3870 hujus
968 3791 1110 3865 viri,
1138 3811 1325 3872 quem
1352 3790 1699 3866 scribimus,
1727 3791 2171 3854 conferendum
2198 3790 2489 3880 laudibus

530 3892 648 3954 hac
674 3894 810 3956 vice
836 3895 1158 3976 patravit?
1227 3894 1570 3978 Equitatus
1597 3895 2048 3958 Britannorum
2075 3904 2140 3959 et
2167 3895 2485 3958 Essedarii

529 3996 772 4059 cladem
805 3999 904 4060 illi
930 4021 1057 4062 non
1091 4021 1353 4082 parvam
1386 4000 1756 4074 intulerunt,
1792 4021 1968 4082 aequo
1993 4000 2129 4062 loco
2156 4001 2488 4063 audacissi-

530 4122 631 4161 me
657 4123 801 4164 cum
829 4123 904 4165 eo
933 4102 1360 4184 confligentes
1441 4104 1641 4185 Angli
1667 4125 1815 4166 vero
1841 4103 2243 4166 Willelmum
2270 4105 2485 4187 pavidi

528 4204 595 4265 in
623 4214 840 4268 monte
887 4207 1392 4289 opperiebantur.
1477 4206 1785 4270 Caesarem
1812 4209 2026 4292 praelio
2052 4211 2271 4292 saepius
2305 4210 2485 4271 ador-

527 4311 581 4371 ti
610 4320 756 4373 sunt
784 4311 1096 4375 Britanni.
1179 4312 1422 4395 Anglos
1460 4313 1617 4376 adeo
1657 4313 2023 4378 Willelmus
2058 4317 2158 4378 die
2191 4336 2317 4376 uno
2341 4333 2483 4395 pro-
