3192 5050
721 600 806 662 44
1131 617 1344 666 semp.
1387 617 1631 665 RERUM
1670 617 1862 668 ons‘r.
1905 616 2257 664 WILLELMI
2301 618 2345 663 1.

886 759 1070 824 Misit
1089 763 1173 824 ad
1197 782 1391 844 usque
1416 762 1659 837 ducem,
1684 761 1962 844 postulat
1980 770 2047 824 et
2066 762 2353 842 precibus

805 863 1060 926 Orbatae
1085 866 1328 928 miserae
1353 867 1521 928 natis
1547 867 1751 928 tribus
1776 873 1843 927 et
1866 865 2143 928 viduatas

882 968 1008 1031 Pro
1027 970 1232 1032 tribus
1257 971 1442 1032 unius
1469 969 1695 1032 reddat
1734 978 1809 1031 ut
1833 990 1973 1032 ossa
1997 971 2137 1046 sibi,

804 1072 874 1135 Si
900 1073 1125 1156 placet,
1153 1083 1266 1137 aut
1291 1094 1514 1155 corpus
1539 1095 1699 1156 puro
1724 1075 2156 1156 praeponderet
2182 1093 2336 1137 auro
2358 1095 2375 1149 ;

884 1175 1011 1240 Sed
1035 1179 1163 1240 dux
1189 1180 1388 1240 iratus
1413 1199 1665 1260 prorsus
1690 1185 2027 1260 utrumque
2054 1186 2267 1260 negat,

797 1281 1032 1359 durans
1059 1283 1225 1365 quod
1251 1284 1460 1365 potius
1485 1284 1808 1364 praesentis
1835 1281 2056 1345 littora
2081 1290 2301 1364 portus

876 1385 985 1448 Illi
1013 1387 1342 1449 commitet
1369 1407 1601 1469 aggere
1630 1388 1746 1449 sub
1771 1387 2073 1468 lapidum,

796 1489 971 1572 Ergo
998 1490 1174 1553 velut
1199 1490 1408 1552 filerat
1434 1499 1723 1566 testatus,
1751 1493 1924 1574 rupis
1950 1493 2018 1551 in
2044 1491 2177 1553 alto

877 1592 1184 1675 Praecepit
1210 1593 1419 1656 claudi
1445 1595 1680 1657 vertice
1706 1603 1929 1675 corpus
1955 1594 2153 1655 humi.

796 1695 1137 1779 Extemplo
1163 1698 1422 1779 quidam
1449 1700 1685 1779 partim
1717 1697 2125 1762 Normannus
2145 1708 2213 1761 et
2239 1700 2346 1762 An
2351 1700 2495 1783 glus

877 1799 1199 1883 Compatit
1227 1800 1533 1875 Heraldi3
1567 1805 1743 1883 jussa
1767 1796 2039 1864 libenter
2065 1805 2237 1885 agit:

799 1903 1038 1987 Corpus
1065 1907 1235 1966 enim
1262 1906 1429 1986 regis
1447 1905 1576 1967 cito
1602 1906 1857 1966 sustulit
1882 1913 1949 1967 et
1975 1905 2262 1988 sepelivit

876 2011 1215 2093 Imponens
1239 2012 1533 2094 lapidem,
1554 2011 1801 2092 scripsit
1827 2018 1893 2072 et
1918 2012 1987 2072 in
2012 2010 2241 2073 titulo:

795 2121 831 2150 “
864 2114 989 2178 Per
1013 2115 1318 2178 mandata
1351 2115 1543 2189 duciS,
1570 2135 1700 2187 rex,
1727 2115 1850 2187 hic,
1878 2112 2181 2188 Heralde,
2210 2116 2489 2197 quiescis,

875 2218 973 2282 Ut
998 2228 1202 2282 custos
1229 2239 1486 2281 maneas
1502 2219 1738 2280 littoris
1758 2225 1824 2280 et
1850 2213 2114 2299 pelagi.”

794 2321 946 2388 Dux
971 2344 1114 2385 cum
1139 2331 1330 2405 gente
1359 2343 1472 2384 sua
1496 2322 1801 2404 plangens
1828 2341 2013 2403 super
2038 2341 2177 2384 ossa
2204 2320 2449 2403 sepulta

875 2425 1265 2509 Pauperibus
1294 2424 1529 2489 Christi
1555 2445 1822 2486 munera
1853 2425 2193 2486 distribuit.

797 2530 1076 2593 Nomine
1103 2533 1448 2613 postposito
1473 2530 1669 2605 ducis,
1698 2538 1765 2591 et
1791 2530 1877 2591 sic
1898 2549 2045 2611 rege
2073 2529 2299 2603 locato,

873 2632 1048 2696 Hinc
1075 2634 1286 2715 regale
1313 2635 1432 2696 sibi
1459 2653 1689 2695 nomen
1718 2633 1982 2713 adeptus
2008 2633 2163 2694 abit.

791 2736 1132 2819 Hastingae
1155 2744 1375 2818 portus
1400 2736 1623 2797 castris
1647 2743 1788 2796 tum
1816 2736 2087 2817 quinque
2115 2736 2337 2798 diebus

875 2840 1137 2914 Mansit,
1165 2846 1233 2901 et
1258 2840 1342 2901 ad
1368 2838 1689 2901 Doveram
1708 2840 1903 2900 vertit
1930 2839 2159 2900 abinde
2184 2840 2375 2902 viam.

792 2944 930 3007 Nec
955 2945 1233 3005 medium
1259 2942 1608 3023 complerat
1632 2944 1773 3016 iter,
1798 2963 1943 3004 cum
1968 2943 2229 3006 territus
2248 2943 2344 3006 illi

873 3047 1126 3110 Occurit
1150 3045 1416 3128 populus
1440 3053 1660 3127 partus
1684 3047 1751 3106 in
1777 3046 2092 3128 obsequio,

793 3152 1043 3215 Obtulit
1069 3160 1134 3213 et
1160 3150 1366 3213 claves
1391 3150 1582 3211 castri
1608 3158 1943 3232 portasque
1972 3150 2279 3215 reclusas:

872 3254 1170 3317 Testatur
1195 3253 1495 3315 simulans
1515 3252 1677 3315 velle
1706 3254 1953 3317 subesse
1980 3256 2120 3317 sibi.

789 3359 908 3423 Est
935 3359 1025 3421 ibi
1053 3378 1234 3420 mons
1261 3356 1444 3431 altuS,
1473 3358 1764 3419 strictum
1790 3378 1983 3433 mare,
2010 3358 2162 3421 litus
2187 3380 2470 3442 opacum.

869 3461 1044 3525 Hinc
1070 3461 1281 3523 hostes
1305 3461 1494 3522 cicius
1519 3461 1773 3543 anglica
1798 3482 1995 3543 regna
2020 3471 2247 3545 petunt
2267 3485 2284 3538 ;

792 3568 919 3631 Sed
943 3574 1219 3629 castrum
1247 3564 1513 3628 Doverae
1539 3566 1815 3647 pendens
1843 3587 1885 3630 a
1906 3569 2141 3631 vertice
2176 3570 2427 3643 monde,

865 3672 1103 3735 Hostes
1129 3672 1412 3745 reiciens,
1437 3671 1629 3733 litora
1653 3678 1799 3733 tuta
1823 3670 1995 3733 facit.

788 3776 1088 3841 Clavibus
1113 3776 1400 3857 acceptis,
1427 3794 1540 3835 rex
1565 3776 1811 3837 intrans
1835 3777 2069 3838 moenia
2093 3778 2303 3850 castri,

866 3879 1162 3959 Praecipit
1188 3877 1566 3960 Angligenis
1591 3897 1895 3940 evacuare
1922 3878 2157 3940 domos,

784 3982 927 4045 Hos
952 3982 1302 4044 introduxit
1328 4002 1441 4063 per
1465 4001 1620 4062 quos
1646 3982 1764 4043 sibi
1792 4002 1990 4063 regna
2014 3982 2283 4064 subegit,

865 4083 1395 4167 Unumquemque
1423 4105 1606 4146 suum
1633 4086 1807 4146 misit
1834 4086 1915 4147 ad
1942 4085 2308 4167 hospicium.

782 4190 941 4253 Ilico
960 4189 1237 4269 pervasit
1262 4196 1467 4249 terror
1489 4188 1723 4250 vicinia
1746 4189 1955 4262 castri,

864 4292 1074 4356 Urbes
1100 4300 1166 4354 et
1191 4293 1443 4373 burgos,
1469 4292 1704 4371 oppida
1729 4311 1969 4372 queque
1996 4290 2259 4371 replens.

785 4398 1080 4463 Nobilior
1103 4397 1359 4478 reliquis
1377 4396 1528 4458 urbs
1557 4393 1937 4458 Cantorbeia
1964 4395 2151 4470 dicta,
