3192 5050
718 623 838 687 146
1115 638 1330 686 semp.
1359 636 1606 685 RERUM
1631 636 1823 685 ensr.
1851 636 2202 687 wunnun
2231 640 2281 687 1.

713 786 813 846 uti
853 784 1062 845 fuerat
1101 782 1434 865 pollicitus,
1477 782 1749 847 tradere.
1828 782 1941 858 At,
1987 784 2041 845 si
2086 783 2220 845 11ωο
2261 783 2383 846 tibi
2421 804 2671 847 mecum

711 908 837 949 non
863 889 1262 961 conveniunt,
1287 887 1565 968 profecto
1593 885 1847 949 sustulit
1872 907 1913 949 a
1929 888 2168 950 cervice
2195 896 2309 949 tua
2332 890 2666 970 superbum

711 992 1147 1074 crudelemque
1173 992 1569 1054 dominatum
1596 990 1908 1065 Heraldi;
1937 991 2427 1053 abominandum
2455 1000 2671 1073 tyran-

713 1118 885 1169 num,
922 1096 1030 1177 qui
1069 1103 1136 1157 te
1179 1094 1482 1157 servitute
1509 1094 1879 1157 calamitosa
1914 1093 2101 1157 simul
2144 1102 2211 1157 et
2251 1095 2671 1177 ignominiosa

713 1208 1043 1281 premeret,
1095 1199 1440 1261 interemit.
1546 1196 1727 1281 Quod
1778 1199 2078 1261 meritum
2132 1200 2201 1259 in
2252 1200 2428 1260 omni
2478 1207 2668 1281 gente

711 1311 965 1385 gratum
990 1302 1261 1365 habetur
1279 1311 1469 1384 atque
1490 1302 1878 1385 praeclarum.
1961 1302 2305 1366 Benefacta
2329 1324 2479 1367 vero
2504 1304 2671 1367 salu-

711 1408 1001 1469 berrimae
1023 1406 1490 1480 dominationiS,
1519 1427 1645 1488 qua
1669 1406 1792 1468 eris
1816 1405 2118 1481 exaltata,
2158 1408 2227 1468 in
2266 1408 2670 1488 sequentibus

713 1510 926 1592 aliqua
949 1518 1172 1573 eontra
1194 1518 1372 1573 tuam
1399 1510 1707 1573 invidiam
1732 1511 2153 1573 testabuntur.
2234 1509 2452 1585 Vivet,
2496 1510 2671 1575 vivet

712 1615 781 1675 in
808 1614 1066 1695 longum
1099 1612 1260 1676 ‘Rex
1300 1613 1687 1689 WillelmuS‚
1714 1622 1780 1675 et
1819 1614 1886 1675 in
1933 1614 2182 1697 paginis
2226 1614 2474 1689 nostris,
2516 1635 2671 1697 quas

709 1719 890 1779 tenui
912 1717 1214 1780 orationis
1230 1716 1434 1798 figura
1459 1717 1730 1779 scribere
1751 1718 1977 1799 placet,
2005 1726 2077 1781 ut
2096 1739 2197 1781 res
2211 1718 2667 1801 pulcherrimas

711 1821 981 1883 dilucide
1034 1821 1243 1904 plures
1289 1820 1670 1903 intelligant.
1767 1821 2125 1885 Praesertim
2178 1844 2323 1885 cum
2374 1825 2669 1905 praecipui

713 1932 1010 1999 oratores,
1051 1925 1276 2006 quibus
1302 1925 1552 1986 dicendi
1596 1926 1879 2006 graviter
1903 1926 2084 2007 copia
2108 1946 2344 2008 magna
2368 1927 2509 2001 fuit,
2550 1928 2666 1991 hu-

712 2027 851 2089 mili
877 2049 1178 2103 sermone,
1206 2028 1356 2089 dum
1383 2027 1681 2090 historias
1706 2028 2005 2102 scribunt,
2032 2030 2129 2091 usi
2155 2032 2567 2112 reperiantur.

793 2133 1009 2195 Multa
1023 2132 1386 2207 Lundoniae,
1402 2140 1814 2214 posteaquam
1830 2140 2161 2195 coronatus
2176 2142 2291 2208 est,
2308 2135 2666 2215 prudenter,

705 2241 892 2318 juste,
912 2237 1372 2319 clementerque
1399 2237 1721 2319 disposuit,
1751 2237 2037 2318 quaedam
2063 2238 2146 2299 ad
2175 2238 2368 2319 ipsius
2392 2239 2670 2303 civitatis

712 2341 1041 2404 commoda
1091 2341 1223 2403 sive
1276 2341 1677 2422 dignitatem,
1720 2340 1851 2402 alia
1897 2360 2034 2421 quae
2079 2342 2257 2421 genti
2296 2341 2668 2423 proficerent

709 2446 1029 2519 universae,
1067 2444 1370 2507 nonnulla
1395 2446 1619 2527 quibus
1671 2442 1968 2507 Ecclesiis
2012 2454 2197 2507 terrae
2222 2446 2665 2510 consuleretur.

713 2548 756 2612 J
759 2570 876 2611 ura
927 2569 1303 2630 quaecunque
1358 2549 1640 2623 dictavit,
1687 2550 1946 2630 optimis
1990 2551 2341 2612 rationibus
2383 2551 2665 2616 dictavit.

712 2651 748 2715 J
759 2653 1035 2714 udicium
1054 2660 1296 2714 rectum
1315 2651 1494 2713 nulla
1517 2671 1785 2732 persona
1808 2653 1891 2714 ab
1910 2673 1985 2715 eo
2010 2654 2427 2734 nequicquam
2452 2663 2663 2736 postu-

709 2756 887 2818 lavit.
973 2754 1192 2836 Specie
1244 2755 1604 2817 vindicandi
1658 2763 1869 2818 reatus
1914 2758 2251 2820 avaritiam
2297 2758 2663 2841 plerumque

708 2859 881 2922 velat
905 2879 1174 2939 regnans
1198 2859 1519 2939 iniquitas,
1545 2859 1849 2940 supplicio
1880 2860 2121 2924 addicit
2148 2863 2565 2934 innocentem,
2592 2872 2664 2926 ut.

710 2963 1154 3044 possessionem
1193 2961 1428 3023 addicti
1472 2963 1699 3044 rapiat.
1779 2962 1903 3025 Ille
1955 2967 2276 3028 neminem
2319 2967 2665 3042 damnavit,

707 3066 830 3128 nisi
858 3086 1044 3147 quem
1058 3085 1186 3126 non
1206 3065 1505 3127 damnare
1532 3067 1817 3147 iniquum
1844 3067 2027 3131 foret.
2109 3066 2178 3131 N
2179 3090 2303 3143 am,
2324 3071 2421 3131 uti
2441 3070 2661 3133 adver-

708 3190 811 3232 sus
861 3169 1158 3231 libidines
1217 3164 1393 3243 alias,
1450 3169 1546 3230 ita
1596 3169 1892 3233 adversus
1944 3173 2281 3234 avaritiam
2348 3173 2656 3236 invictum

707 3276 993 3338 animum
1044 3274 1325 3356 gerebat.
1428 3271 1840 3337 Intellexerat
1879 3296 2009 3338 esse
2056 3277 2248 3359 regiae
2292 3280 2663 3360 majestatis,

708 3379 940 3442 illustri
965 3377 1398 3440 munificentia
1420 3386 1736 3461 praestare,
1776 3379 1957 3454 nihil,
1983 3381 2095 3442 ubi
2132 3383 2392 3462 aequitas
2417 3391 2664 3446 contra-

707 3486 883 3559 dicit,
903 3486 1202 3566 accipere.
1286 3482 1430 3546 Suis
1455 3503 1699 3566 quoque
1726 3485 2100 3566 primatibus
2117 3486 2311 3567 digna
2336 3508 2401 3550 se
2428 3498 2494 3551 et
2519 3511 2663 3570 gra-

706 3591 908 3652 vitate
933 3589 1245 3672 praecepit,
1272 3595 1339 3650 et
1364 3587 1698 3669 diligentia
1722 3589 1936 3662 suasit,
1974 3589 2354 3670 aequitatem.
2449 3597 2486 3626 “
2508 3590 2662 3654 Esse

701 3695 941 3776 jugiter
965 3695 1034 3754 in
1052 3693 1250 3756 oculis
1275 3693 1654 3767 habendum,
1674 3695 1848 3774 cujus
1866 3693 2134 3755 vicerint
2151 3695 2457 3776 praesidio,
2482 3705 2661 3758 aeter-

707 3819 861 3859 num
889 3797 1362 3877 Imperatorem.
1446 3794 1739 3858 Nimium
1762 3797 2033 3878 opprimi
2052 3798 2250 3859 victos
2268 3818 2660 3881 nequaquam

706 3908 1013 3982 oportere,
1058 3899 1400 3962 victoribus
1440 3898 1819 3980 professione
1869 3898 2228 3962 Christiana
2278 3923 2493 3982 pares;
2560 3924 2661 3978 ne,

708 4025 860 4086 quos
892 4007 1058 4085 juste
1097 4003 1476 4085 subegerint,
1505 4003 1753 4083 injuriis
1778 4003 1861 4063 ad
1887 4002 2319 4066 rebellandum
2345 4016 2659 4088 cogerent.

707 4109 815 4172 Ad
853 4109 971 4170 hoc
1011 4109 1248 4182 decere,
1288 4128 1367 4168 ne
1408 4107 1560 4187 quid
1597 4108 1872 4188 turpiter
1910 4108 1974 4166 in
2024 4109 2299 4168 externis
2340 4110 2659 4236 agitandO,

708 4223 891 4276 terrae
918 4213 1028 4274 ubi
1052 4220 1238 4273 natus
1263 4210 1366 4274 vel
1391 4210 1556 4272 altus
1581 4218 1695 4285 est,
1724 4211 1987 4272 dedecus
2026 4210 2163 4272 infli
2153 4210 2401 4293 geretff'
2485 4214 2663 4277 Mili-

707 4327 803 4381 tes
847 4337 996 4380 vero
1041 4316 1260 4378 mediae
1294 4314 1663 4389 nobilitatis,
1704 4323 1892 4397 atque
1938 4317 2277 4396 gregarios,
2322 4320 2659 4400 aptissimis
