3192 5050
696 616 813 682 172
973 632 1193 679 GESTA
1233 630 1584 680 WILLELMI
1625 632 1829 679 DUOIS
1871 630 2421 683 NORMANNORUM.

699 776 767 836 in
808 773 1143 857 Hispania..
1224 775 1369 839 Hoc
1408 796 1575 838 anno
1614 777 1909 840 venditus
1932 785 2029 841 est
2074 780 2381 842 sextarius
2404 780 2554 845 salis
2578 796 2671 845 XI.

695 878 807 942 sol.
835 898 968 941 cen.
995 880 1301 942 sextarius
1325 880 1630 943 frumenti
1668 896 1794 945 ΧΠ
1820 882 1933 944 801.
1980 902 2113 945 cen.
2160 882 2382 946 hordei
2422 901 2530 948 XII
2554 886 2669 947 sol.

776 983 969 1047 Anno
989 984 1164 1047 1196.
1210 983 1387 1048 Obiit
1451 983 1785 1060 Robertus,
1853 986 2073 1049 Abbas
2140 986 2422 1050 Cadomi.
2524 988 2671 1052 Hoc

695 1106 864 1150 anno
891 1086 1238 1172 Philippus,
1266 1088 1406 1153 Rex
1432 1086 1736 1165 Frauciae,
1762 1092 1931 1173 cepit
1958 1090 2483 1156 Albamma-rlam.
2542 1092 2669 1156 Sed

684 1212 799 1273 pro
813 1194 1242 1277 redemptione
1261 1195 1609 1269 hominum,
1637 1196 1745 1277 qui
1769 1195 2010 1257 dictum
2033 1198 2335 1279 oppidum
2358 1219 2473 1280 per
2492 1199 2670 1280 quin-

687 1315 808 1377 que
853 1298 1235 1380 septimanas
1277 1306 1526 1361 strenue
1561 1298 1991 1374 defenderant,
2030 1300 2273 1382 accepit
2306 1320 2347 1361 a
2373 1299 2665 1375 Ricardo,

693 1400 870 1485 Rege
897 1402 1167 1489 Angliae,
1192 1418 1508 1466 hfflccccc
1532 1422 1725 1466 marc.
1752 1404 2022 1485 argenti,
2047 1412 2116 1466 et
2152 1411 2371 1486 postea
2395 1407 2667 1477 recessit,

689 1516 878 1570 terroe
942 1515 1284 1590 coaequata.
1395 1505 1670 1569 Interim
1738 1516 1953 1571 autem
2020 1509 2171 1571 dum
2238 1509 2331 1571 ibi
2396 1510 2659 1583 sederet,

688 1614 1022 1695 praedictus
1104 1612 1414 1677 Ricardus
1495 1612 1666 1695 cepit
1750 1611 2097 1689 castellum,
2183 1613 2349 1695 quod
2428 1614 2660 1678 dicitur

688 1720 1078 1785 Nonancort.

763 1826 956 1889 Anno
979 1823 1157 1886 1198.
1201 1821 1380 1886 Obiit
1405 1821 1731 1897 Ricardus,
1772 1820 1911 1885 Rex
1937 1821 2312 1903 Anglorum,
2351 1836 2460 1886 VII
2508 1820 2661 1885 Idus

682 1930 943 2014 Aprilis.
1021 1928 1112 1993 Et
1137 1928 1357 1991 eodem
1383 1947 1551 1989 anno
1581 1928 1874 1989 successit
1904 1927 1966 1989 ei
1996 1928 2064 1989 in
2098 1925 2340 2008 Regem
2376 1927 2420 1990 J
2422 1948 2655 1993 oannes

681 2038 881 2101 frater
905 2039 1056 2118 ejus,
1083 2041 1150 2097 et
1176 2032 1373 2115 Regis
1398 2031 1667 2096 Henrici
1693 2031 1877 2094 filius·

760 2140 953 2204 Anno
978 2139 1156 2202 1205.
1199 2137 1380 2201 Obiit
1449 2136 1785 2212 HenricuS,
1852 2135 2201 2219 Episcopus
2270 2136 2651 2204 Baiocensis.

680 2245 828 2309 Hoc
884 2265 1052 2308 anno
1105 2244 1442 2325 subjugata
1495 2250 1592 2304 est
1651 2240 2052 2306 Normannia
2112 2239 2409 2325 Philippo
2486 2244 2649 2325 Regi

683 2348 1091 2424 Francorum,
1117 2348 1358 2410 tradita
1382 2348 1443 2408 ei
1469 2346 1731 2409 civitate
1763 2344 2281 2427 Rothomagensi.
2362 2345 2508 2409 Hoc
2538 2369 2654 2411 an-

677 2477 761 2519 no
785 2456 993 2517 factus
1017 2461 1112 2516 est
1150 2451 1565 2534 cataclysmus
1590 2469 1861 2537 magnus
1898 2450 1965 2511 in
1994 2447 2343 2513 Provinciis
2370 2449 2652 2518 cadomo

675 2561 1123 2645 adjacentibus.

752 2670 946 2733 Anno
968 2664 1148 2728 1214.
1191 2661 1369 2725 Obiit
1412 2659 1699 2736 Samson,
1757 2659 1978 2724 Abbas
2018 2659 2303 2737 Cadomi,
2343 2677 2451 2726 VII
2492 2661 2646 2726 Idus

753 2877 945 2940 Anno
970 2871 1146 2935 1215.
1188 2869 1344 2933 Fuit
1368 2869 1720 2933 universale
1750 2868 2103 2932 Concilium
2142 2870 2310 2952 apud
2350 2869 2641 2945 Romam,

670 2982 1041 3067 praesidente
1076 2977 1333 3040 domino
1365 2974 1739 3038 Innocentio
1766 2973 1945 3056 Papa
1971 2972 2106 3037 ΙΙΙ.
2142 2975 2209 3036 in
2236 2995 2361 3056 quo
2384 2974 2641 3038 fuerunt

664 3085 958 3171 Episcopi
985 3096 1308 3146 ccocxxn
1341 3088 1409 3142 et
1434 3079 1559 3143 duo
1595 3078 2001 3142 Patriarchae.

746 3192 939 3255 Anno
961 3186 1140 3251 1216.
1185 3185 1364 3249 Obiit
1387 3183 1432 3248 J
1432 3205 1685 3258 08111108,
1731 3182 1873 3247 Rex
1897 3183 2169 3266 Angliae,
2209 3199 2289 3247 Ix
2316 3183 2468 3247 Kal.
2500 3183 2635 3247 No-

666 3298 958 3363 vembris
1039 3292 1129 3356 Et
1167 3292 1385 3354 eodem
1425 3311 1614 3365 anno,
1652 3290 1857 3352 factus
1883 3297 1980 3352 est
2006 3287 2146 3352 Rex
2172 3289 2428 3372 Angliae
2455 3289 2634 3353 Hen-

664 3408 848 3477 ricus,
873 3400 1041 3463 filius
1065 3397 1343 3481 ejusdem
1368 3393 1410 3458 J
1413 3396 1655 3458 oannis,

744 3509 936 3571 Anno
960 3503 1138 3567 1221.
1181 3500 1476 3564 Mortuus
1541 3508 1640 3562 est
1704 3499 2041 3574 Robertus,
2110 3497 2637 3582 Archiepiscopus

663 3609 1206 3690 Rothomagensis·.

741 3718 932 3780 Anno
957 3713 1134 3777 1224.
1180 3710 1358 3774 Obiit
1385 3708 1735 3790 Philippus,
1763 3707 1904 3771 Rex
1930 3706 2235 3771 Franciae.

741 3823 931 3886 Anno
956 3817 1134 3882 1225.
1176 3814 1332 3878 Fuit
1391 3813 1592 3876 fames
1656 3813 1887 3888 valida,
1952 3821 2019 3876 et
2082 3812 2346 3895 penuria
2407 3814 2629 3876 victus.

661 3927 834 3990 Nam
861 3945 1021 3988 unus
1046 3921 1354 3985 sextarius
1378 3917 1600 3982 hordei
1640 3919 2028 3981 vendebatur
2068 3935 2175 3982 ΧΠ
2216 3918 2327 3981 801.
2366 3938 2501 3981 cen.
2561 3925 2630 3980 et

654 4051 816 4095 unus
841 4037 994 4092 sext.
1022 4027 1322 4089 frumenti
1350 4039 1446 4086 xv
1487 4023 1600 4086 sol.
1626 4044 1761 4086 cen.

733 4135 924 4198 Anno
949 4131 1125 4194 1226.
1168 4129 1462 4193 Mortuus
1470 4136 1567 4191 est
1587 4127 1960 4204 Ludovicus,
1981 4127 2119 4191 Rex
2140 4126 2443 4202 Franciae,
2459 4127 2628 4189 filius

653 4238 952 4321 Philippi,
980 4244 1046 4299 et
1072 4234 1260 4296 multi
1285 4234 1396 4296 alii
1416 4234 1677 4308 nobileS,
1704 4235 1770 4294 in
1798 4241 1973 4296 terra
1990 4231 2451 4314 Albigensium.
2535 4229 2625 4293 Et

647 4346 866 4409 eodem
895 4361 1061 4404 anno
1085 4339 1377 4402 successit
1399 4339 1460 4401 ei
1487 4340 1554 4402 in
1582 4336 1825 4419 Regem
1854 4336 2227 4413 Ludovicus,
2268 4335 2434 4400 filius
2459 4357 2624 4409 suus,

643 4451 883 4514 habens
909 4465 1105 4510 annos
1131 4459 1256 4506 ΧΠ.

3159 3628 3167 3663 -·
3161 3230 3173 3549 -—-—-—-—
3173 3166 3175 3172 ⁴
3170 3140 3176 3149 ,
3173 3097 3175 3109 W
