3192 5050
813 647 1034 697 GEsTA
1077 644 1426 694 w1÷1⁴LELM1
1465 646 1670 693 nucls
1710 646 2259 695 ΝοιιΜΑΝΝοιιυΜ.
2408 631 2524 695 141

567 788 890 872 Edgarum
955 790 1348 865 Athelinum,
1414 812 1494 853 ex
1553 790 1852 854 Edwardi
1919 789 2113 873 Regis
2176 791 2529 865 nobilitate,

565 897 748 957 annis
772 916 1052 978 puerum.
1133 895 1314 965 Erat,
1335 896 1628 958 videlicet
1674 917 1893 958 eorum
1916 897 2051 958 voti
2094 916 2357 969 summa,
2400 917 2526 958 non

568 998 799 1061 habere
819 1001 1142 1064 dominum
1170 1020 1355 1081 quem
1375 1021 1502 1063 non
1528 1001 1803 1063 habuere
1830 1001 2330 1082 compatriotam.
2398 999 2527 1062 Ve-

567 1124 726 1178 rum,
767 1106 874 1186 qui
900 1106 1210 1167 dominari
1237 1105 1454 1167 debuit
1479 1106 1587 1179 eiS,
1615 1105 1925 1187 intrepide
1952 1126 2387 1187 approperanS,
2419 1107 2528 1168 ubi

567 1209 1049 1290 frequentiorem
1101 1209 1346 1272 audivit
1390 1230 1607 1271 eorum
1648 1216 2042 1284 conventum,
2087 1230 2213 1271 non
2256 1209 2441 1289 longe
2487 1231 2529 1276 a

567 1311 900 1376 Lundonia
963 1314 1260 1377 consedit.
1381 1312 1741 1375 Praeterluit
1806 1334 1946 1375 eam
2013 1314 2233 1375 urbem
2298 1312 2527 1377 fluvius

569 1416 869 1493 Tamesis,
906 1419 1267 1501 peregrinas
1314 1439 1349 1479 e
1387 1426 1574 1500 portu
1599 1418 1846 1480 marino
1873 1418 2139 1481 divitias·
2172 1418 2525 1482 advectans.

568 1514 730 1586 Cum
776 1522 936 1585 solos
976 1524 1142 1585 cives
1182 1523 1436 1597 habeat,
1477 1524 1725 1604 copioso
1767 1543 1841 1584 ac
1867 1524 2229 1603 praestantia
2260 1522 2526 1585 militari

563 1623 800 1687 famoso
851 1620 1129 1687 incolatu
1180 1626 1480 1689 abundat.
1587 1608 1751 1688 Tum
1804 1647 1954 1690 vero
2004 1626 2392 1689 confluxerat
2442 1628 2526 1689 ad

559 1730 757 1811 ipsam
785 1730 1008 1813 hospes
1029 1732 1218 1793 turba
1250 1739 1806 1814 propugnatorum,
1858 1752 2066 1813 quam,
2105 1732 2255 1794 licet
2280 1733 2525 1795 ambitu

561 1835 750 1897 nimis
775 1836 1007 1918 ampla,
1044 1857 1170 1899 non
1197 1836 1380 1899 facile
1405 1837 1713 1918 capiebat.
1797 1834 2112 1898 Praemissi
2136 1836 2247 1898 illo
2286 1838 2526 1918 equites

555 1936 922 2003 Normanni
949 1942 1296 2023 quingenti,
1322 1960 1633 2023 egressam
1673 1949 1895 2001 contra
1920 1960 1985 2001 se
2012 1940 2212 2001 aciem
2238 1940 2524 2021 refugere

557 2043 728 2105 intra
752 2046 986 2107 moenia
1008 2046 1276 2127 impigre
1290 2042 1692 2126 compellunt,
1718 2052 1901 2125 terga
1919 2044 2241 2105 caedentes.
2296 2043 2524 2105 Multae

561 2150 759 2229 stragi
778 2149 1018 2209 addunt
1043 2150 1420 2221 incendium,
1440 2130 1795 2209 cremantes*
1811 2148 2103 2229 quicquid
2121 2146 2523 2210 aedificiorum

561 2250 722 2311 citra
747 2245 986 2313 flumen
1027 2252 1339 2325 invenere,
1386 2259 1459 2313 ut
1504 2251 1672 2313 malo
1699 2251 1935 2333 duplici
1970 2253 2237 2333 superba
2290 2252 2524 2316 ferocia

560 2356 1000 2419 contundatur.
1078 2354 1228 2417 Dux
1267 2357 1671 2437 progrediens
1698 2356 1843 2417 dein
1872 2377 2365 2438 quoquoversum
2391 2357 2524 2439 pla-

559 2460 710 2535 cuit,
736 2468 1120 2522 transmeato
1136 2458 1395 2521 flumine
1418 2459 1688 2537 Tamesi,
1717 2462 1879 2524 vado
1904 2461 2092 2523 simul
2118 2470 2305 2544 atque
2332 2473 2523 2545 ponte

558 2566 643 2631 ad
667 2566 965 2647 oppidum
992 2563 1448 2646 Warengefort
1472 2557 1779 2647 pervenit.

636 2670 997 2733 Adveniens
1021 2671 1240 2732 eodem
1271 2661 1630 2751 StiganduS,
1660 2669 1957 2735 Pontifex
1973 2671 2521 2756 Metropolitanus,

555 2776 847 2840 manibus
891 2776 952 2836 ei
1003 2795 1132 2836 sese
1178 2775 1370 2849 dedit,
1424 2775 1618 2837 fidem
1672 2787 2062 2841 sacramento
2106 2781 2521 2854 confirmavit,

557 2881 868 2962 abrogans
893 2879 1266 2941 Athelinum
1295 2898 1480 2961 quem
1507 2880 1733 2943 leviter
1757 2882 2051 2965 elegerat.
2117 2883 2291 2947 Hinc
2310 2907 2521 2967 proce-

556 2985 750 3058 denti,
795 2985 1014 3046 statim
1052 2993 1126 3047 ut
1179 2982 1511 3046 Lundonia
1548 2989 1905 3069 conspectui
1950 2989 2229 3070 patebat,
2266 2991 2519 3054 obviam

555 3099 785 3154 exeunt
813 3089 1132 3172 Principes
1151 3091 1461 3164 civitatis3
1503 3111 1635 3152 sese
1662 3101 2071 3174 cunctamque
2099 3095 2423 3156 civitatem
2450 3097 2517 3156 in

548 3195 912 3275 obsequium
931 3194 1100 3255 illius
1120 3195 1670 3276 (quemadmodum
1687 3205 1835 3258 ante
1862 3195 2214 3279 Cantuarii)
2233 3201 2517 3273 tradunt,

551 3297 816 3370 obsideS,
859 3318 1010 3379 quos
1061 3307 1126 3360 et
1171 3307 1322 3379 quot
1360 3300 1648 3380 imperat,
1702 3301 2038 3362 adducunt.
2123 3301 2325 3364 Orant
2376 3312 2516 3384 post

553 3402 703 3474 haec,
732 3409 804 3462 ut
842 3417 1162 3464 coronam·
1188 3411 1413 3477 sumat,
1465 3424 1594 3465 una
1648 3402 1999 3480 Pontifices,
2046 3415 2235 3488 atque
2286 3411 2514 3483 caeteri,

557 3505 932 3568 Summates.
985 3512 1020 3539 “
1045 3504 1126 3569 Se
1153 3507 1402 3589 quidem
1430 3507 1644 3570 solitos
1664 3529 1793 3570 esse
1816 3508 1979 3591 Regi
1999 3513 2249 3584 servire,
2270 3510 2512 3594 Regem

552 3611 875 3673 dominum
928 3611 1158 3673 habere
1210 3609 1428 3674 velle.”
1552 3612 1894 3676 Consulens
1945 3614 2053 3676 ille
2100 3618 2430 3679 comitatos
2476 3641 2511 3680 e

553 3714 968 3789 Normannia,
995 3736 1257 3797 quorum
1284 3738 1410 3778 non
1446 3717 1653 3778 minus
1680 3719 2077 3800 prudentiam
2105 3740 2293 3801 quam
2320 3720 2509 3784 fidem

549 3830 894 3902 spectatam
921 3821 1214 3894 habebat,
1234 3821 1529 3902 patefecit
1546 3823 1637 3884 eis
1664 3824 1814 3904 quid
1838 3825 2111 3886 maxime
2128 3827 2249 3888 sibi
2274 3827 2508 3890 dissua⁸

548 3929 724 3996 deret
751 3926 915 4007 quod
943 3925 1139 4007 Angli
1165 3925 1464 3990 orabant:
1525 3933 1560 3960 “
1581 3926 1708 3989 Res
1733 3928 1936 3990 adhuc
1954 3930 2237 3992 turbidas
2262 3953 2391 3993 esse
2410 3954 2509 4007 3—-

547 4031 851 4093 rebellare
904 4030 1235 4092 nonnullos
1256 4052 1438 4104 3—se
1492 4033 1701 4114 potius
1755 4035 1935 4114 regni
1988 4036 2261 4116 quietem
2316 4057 2505 4118 quam

547 4156 838 4197 coronam
865 4156 1106 4216 cupere.
1189 4133 1521 4209 Praeterea,
1568 4138 1621 4198 si
1662 4136 1833 4199 Deus
1873 4139 1991 4220 ipsi
2030 4140 2195 4202 hunc
2221 4144 2506 4204 concedit

547 4240 866 4314 honorem,
893 4261 1099 4302 secum
1120 4241 1282 4303 velle
1309 4244 1637 4322 conjugem
1664 4263 1843 4304 suam
1860 4246 2161 4306 coronari.
2216 4243 2502 4328 Denique

547 4365 669 4406 non
704 4353 987 4425 oportere
1031 4347 1296 4407 nimium
1339 4348 1679 4436 properari,
1716 4347 1865 4408 dum
1913 4349 1978 4409 in
2016 4349 2215 4412 altum
2254 4351 2506 4412 culmen
