3192 5050
675 606 794 675 158
1053 626 1265 675 scarp.
1294 618 1536 673 RERUM
1561 622 1757 671 ensr.
1789 619 2141 671 wunsam
2164 621 2221 667 1.

676 771 932 833 delectis
957 777 1302 843 oneratam,
1329 768 1564 831 relictis
1587 766 1763 850 equis
1782 773 2009 848 praeter
2025 764 2361 827 admodum
2380 770 2631 844 paucos.

607 934 615 940 .
677 874 937 939 Vicinia
960 876 1165 939 omnis
1190 872 1395 939 adfuit
1422 880 1689 945 armata,
1728 872 1971 933 auctior
1996 888 2291 931 numerus
2309 888 2389 929 ex
2412 865 2631 929 ulteri-

676 982 889 1043 oribus
940 979 1280 1052 accederet,
1318 979 1373 1041 si
1426 997 1607 1041 mora
1650 977 1926 1039 biduana
1966 974 2207 1037 obsidio
2251 970 2627 1047 traheretur.

681 1085 975 1150 Ceterum
991 1084 1338 1147 custodiam
1357 1082 1733 1145 invenerunt
1750 1080 1959 1143 minus
1974 1078 2267 1159 opinione
2286 1076 2635 1148 remissam,

677 1190 818 1271 plus
842 1196 1018 1251 metu
1043 1188 1127 1250 ad
1152 1185 1602 1251 defensandum
1635 1184 1933 1247 validam.
2011 1180 2310 1264 Eripiunt
2334 1180 2631 1243 velocitas

680 1295 844 1375 equi,
883 1294 1115 1357 notitia
1147 1292 1443 1366 tramitis,
1485 1291 1783 1373 navisque
1808 1288 2107 1371 paratior.
2187 1284 2256 1349 N
2255 1283 2637 1351 obilissimus

681 1406 894 1462 autem
938 1398 1084 1471 tir0,
1139 1416 1330 1477 nepos
1373 1396 1526 1476 ejus,
1565 1390 2044 1475 comprehensus
2083 1398 2199 1453 est.
2278 1388 2477 1471 Angli
2521 1407 2637 1470 per

681 1500 1058 1565 diverticula
1098 1499 1284 1582 plura
1318 1519 1394 1563 eo
1419 1498 1666 1563 facilins
1700 1503 2047 1571 evaserunt,
2086 1514 2210 1577 quo
2233 1495 2443 1557 minus
2468 1513 2637 1557 com-

682 1605 940 1667 modum
966 1612 1104 1666 erat
1118 1603 1423 1685 paucitati
1443 1600 1942 1665 Castellanorum
1968 1600 2210 1681 insequi
2234 1618 2347 1681 per
2370 1598 2637 1660 diversa.

683 1707 727 1771 J
729 1729 841 1771 ure
883 1709 950 1770 id
991 1706 1334 1771 Eustachio
1360 1707 1626 1770 dedecus
1652 1714 1841 1787 atque
1868 1705 2317 1768 detrimentum
2348 1702 2635 1783 contigit.

684 1812 997 1894 Equidem
1025 1813 1080 1875 si
1105 1813 1398 1885 rationes,
1440 1830 1576 1892 quae
1622 1813 1756 1892 ejus
1796 1809 1898 1873 liti
1924 1815 2489 1881 controversantur,
2528 1807 2638 1869 de-

684 1936 1053 1998 promerem,
1094 1914 1288 1996 Regis
1306 1935 1451 1976 eum
1466 1915 1763 1995 gratiam,
1790 1921 1979 1995 atque
1997 1911 2195 1994 Regis
2204 1911 2369 1975 dono
2384 1918 2641 1993 accepta

685 2018 990 2081 beneficia
1030 2039 1107 2079 ex
1149 2038 1326 2099 aequo
1367 2025 1434 2079 et
1468 2019 1635 2080 bono
1674 2018 1950 2079 amisisse
1976 2016 2161 2099 plane
2188 2016 2641 2081 convincerem.

689 2121 914 2203 Neque
960 2123 1276 2185 sententia
1321 2121 1557 2185 erravit
1610 2122 1781 2184 dicta
1832 2141 2131 2183 consensu
2174 2119 2528 2202 Anglorum
2574 2126 2642 2181 et

691 2225 1038 2301 Gallorum,
1076 2246 1202 2307 qua
1241 2226 1320 2289 de
1360 2233 1542 2288 reatu
1569 2224 1771 2288 multo
1797 2225 2116 2287 convictus
2142 2232 2255 2287 est.
2341 2223 2467 2286 Sed
2500 2244 2643 2305 par-

687 2331 955 2393 cendum
997 2332 1303 2408 sentimus
1351 2350 1632 2413 personae
1670 2329 2369 2403 multifariamillustri,
2408 2328 2643 2393 Comiti

688 2436 1032 2510 nominato,
1092 2436 1200 2517 qui
1258 2434 1695 2498 reconciliatus
1746 2456 1913 2497 nunc
1964 2436 2033 2495 in
2085 2435 2385 2517 proximis
2450 2432 2646 2516 Regis

690 2540 1057 2603 honoratur.
1247 2520 1254 2532 ⁵

771 2641 1014 2705 Eodem
1065 2643 1197 2705 fere
1249 2651 1530 2726 tempore
1587 2642 1758 2708 Goxo
1814 2642 2058 2718 Comes,
2106 2663 2292 2726 quem
2342 2643 2649 2726 placuisse

695 2744 764 2809 N
765 2747 1084 2809 ormannis
1125 2747 1414 2822 diximus,
1453 2755 1657 2810 morte
1700 2749 1929 2813 occidit
1970 2750 2308 2823 immerita,
2348 2757 2413 2812 ct
2457 2769 2645 2830 quam

693 2849 912 2912 deceat
937 2851 1290 2931 propagari.
1370 2849 1469 2913 Ut
1509 2849 1708 2933 igitur
1753 2852 1930 2916 vivat
1969 2852 2107 2914 laus
2132 2855 2282 2935 ejuS,
2322 2861 2511 2935 atque
2535 2871 2653 2935 per

696 2954 1049 3035 exemplum
1074 2955 1317 3017 oriatur
1341 2954 1409 3016 in
1434 2956 1786 3037 posthumis
1804 2957 2165 3020 innocentia
2183 2958 2480 3033 defuncti,
2507 2959 2649 3020 lite-

695 3057 783 3122 ris
797 3055 1039 3120 efficere
1051 3059 1250 3140 juvat.
1332 3058 1635 3142 Ptosapia
1650 3081 1725 3123 ac
1739 3071 2074 3142 potentatu
2090 3063 2339 3145 Anglus
2352 3064 2455 3126 hic
2466 3066 2652 3145 juxta

696 3163 1040 3244 praecelsus,
1079 3163 1283 3245 magis
1308 3161 1506 3226 animi
1521 3164 1960 3246 singularitate
1974 3167 2299 3248 prudentis
2314 3175 2378 3228 et
2394 3167 2653 3230 omnino

699 3265 947 3330 honesti
972 3267 1283 3331 excelluit.
1363 3267 1495 3330 Hic
1531 3267 1727 3351 Regis
1772 3289 2024 3332 causam
2071 3279 2136 3332 et
2189 3271 2393 3352 ipsum
2437 3270 2653 3333 favore

701 3371 903 3435 multo
927 3370 1255 3454 probabat.
1340 3371 1454 3435 Sui
1478 3395 1632 3438 vero
1656 3375 1957 3438 satellites
1983 3376 2065 3438 ab
2091 3377 2226 3457 ipso
2250 3375 2657 3450 dissidebant,

703 3475 1048 3539 factionum
1075 3477 1400 3540 deterrimi
1431 3478 1709 3541 fautores
1754 3500 1827 3541 ac
1852 3479 2021 3542 socii.
2102 3477 2375 3542 Proinde
2402 3499 2545 3542 eum
2572 3477 2657 3541 ab

702 3578 906 3644 officio
930 3589 1349 3644 transvertere
1381 3583 1735 3657 tentabant,
1776 3603 1934 3665 saepe
1960 3591 2306 3657 monentes,
2342 3583 2519 3665 quasi
2544 3602 2659 3664 per

707 3686 1072 3760 amicitiam,
1114 3686 1192 3747 de
1238 3687 1486 3768 privato
1512 3687 1768 3761 honore,
1809 3696 1884 3748 ut
1929 3687 2287 3750 libertatem
2329 3707 2371 3748 a
2410 3687 2662 3769 proavis

707 3791 1010 3852 traditam
1030 3789 1419 3864 defenderet3
1459 3811 1625 3852 nunc
1650 3789 2045 3856 obsecrantes
2063 3800 2250 3876 atque
2276 3791 2661 3854 obtestantes

707 3904 1009 3975 tanquam
1028 3897 1239 3977 gratia
1252 3917 1462 3958 rerum
1478 3895 1890 3979 publicarum,
1918 3906 1991 3961 ut
2010 3905 2337 3960 extraneos
2353 3897 2659 3972 deserenS,

709 4001 1091 4080 optimorum
1131 4001 1458 4066 hominum
1507 4021 1635 4063 suae
1676 4001 1950 4064 nationis
1992 4010 2060 4064 et
2098 4002 2664 4083 consanguinitatis

709 4102 1100 4166 voluntatem
1137 4115 1514 4188 sequeretur.
1600 4103 1767 4168 Sane
1809 4105 2058 4168 diutina
2097 4104 2394 4187 variaque
2420 4104 2663 4168 callidi-

712 4215 846 4270 tate
873 4205 1004 4270 haec
1029 4211 1465 4293 suggerebant,
1505 4219 1570 4274 et
1589 4211 1943 4293 hujusmodi
1970 4210 2114 4272 alia.
2200 4207 2325 4272 Sed
2350 4208 2460 4274 ubi
2487 4230 2662 4272 men-

712 4322 843 4376 tcm
887 4313 1153 4378 firmiter
1197 4316 1262 4380 in
1309 4324 1524 4380 tenore
1563 4315 1712 4380 boni
1756 4315 1946 4380 fixam
1972 4315 2191 4380 taliter
2212 4315 2529 4380 dimovere
2554 4337 2666 4378 ne-
