3192 5050
703 596 783 658 64
1077 613 1289 661 scmr.
1331 611 1574 660 RERUM
1615 612 1804 660 ens'r.
1848 613 2199 662 WILLELMI
2242 615 2288 660 1.

702 757 1045 819 advocare:
1084 757 1520 837 munitumque
1573 755 2102 837 Gazophylacium
2141 757 2263 819 sibi
2310 775 2664 836 procurare.

784 860 1042 922 Interea
1091 860 1321 920 medici
1373 868 1440 920 et
1492 859 1736 941 regales
1787 860 2083 934 ministri,
2136 862 2246 940 qui
2290 861 2664 942 languidum

700 964 1051 1042 principem
1088 963 1542 1036 custodiebant,
1581 982 2006 1045 proceresque,
2046 963 2156 1044 qui
2180 984 2326 1025 eum
2364 964 2666 1026 visitandi

699 1068 912 1148 gratia
952 1068 1310 1140 veniebant,
1352 1075 1657 1146 ceperunt
1696 1087 1811 1147 pro
1852 1069 2083 1130 vinctis
2121 1088 2273 1148 quos
2316 1069 2385 1128 in
2412 1088 2661 1129 carcere

700 1172 982 1244 tenebat,
1009 1191 1153 1232 eum
1181 1169 1395 1232 affari:
1438 1191 1513 1232 ac
1554 1179 1627 1231 ut
1666 1172 2070 1233 misereretur
2095 1171 2205 1244 eis,
2245 1178 2311 1232 et
2350 1171 2665 1234 relaxaret

700 1274 1067 1356 suppliciter
1105 1275 1447 1354 deprecari.
1533 1273 1772 1355 Quibus
1799 1277 1930 1355 ipse
1958 1275 2070 1336 ait.
2154 1273 2514 1337 Morcarem
2553 1296 2666 1338 no-

700 1378 896 1439 bilem
924 1376 1280 1457 Anglorum
1307 1377 1605 1438 comitem
1639 1380 1775 1459 jam
1804 1378 1913 1438 diu
1939 1379 2227 1440 vinctum
2252 1379 2449 1451 tenui,
2476 1386 2543 1440 et
2567 1379 2665 1439 in-

694 1483 896 1561 juste3
938 1481 1049 1542 sed
1067 1500 1182 1561 pro
1206 1481 1436 1541 timore
1461 1500 1542 1541 ne
1568 1499 1683 1559 per
1710 1501 1857 1542 eum
1883 1483 1937 1542 si
1962 1480 2125 1542 liber
2138 1480 2361 1543 fuisset
2379 1483 2665 1544 turbare-

700 1591 808 1645 tur
853 1603 1119 1663 regnum
1163 1583 1432 1663 Angfiae.
1516 1582 1842 1664 Rogerum
1867 1604 2018 1646 vcro
2058 1585 2137 1644 de
2179 1582 2469 1658 Britoli0,
2516 1585 2667 1665 quia

701 1686 885 1748 valde
926 1687 1383 1747 contumaciter
1421 1694 1644 1748 contra
1688 1707 1791 1747 me
1844 1688 2164 1760 insanivit,
2204 1695 2272 1748 et
2318 1685 2664 1749 Radulfum

699 1789 777 1849 de
808 1786 1061 1850 Gnader
1099 1789 1405 1849 sororium
1433 1809 1635 1862 suum,
1676 1798 1743 1851 et
1779 1790 2011 1851 multos
2038 1790 2195 1851 alios
2220 1791 2287 1850 in
2314 1811 2418 1852 me
2444 1811 2666 1871 provo-

698 1893 886 1965 cavit,
914 1893 982 1952 in
1008 1891 1275 1954 vinculis
1289 1895 1549 1965 arctavi,
1577 1901 1645 1954 et
1663 1895 1831 1973 quod
1849 1895 1917 1953 in
1938 1895 2075 1956 vita
2097 1913 2243 1956 mea
2260 1914 2389 1955 non
2410 1893 2665 1975 egrede-

697 2002 893 2069 retur,
913 1996 1142 2076 juravi.
1229 1994 1334 2057 Sic
1361 1995 1594 2057 multos
1634 1997 1900 2059 vinculis
1926 1998 2115 2078 injeci
2154 2017 2231 2059 ex
2270 1999 2503 2058 merito
2522 2017 2665 2078 pro-

697 2100 852 2180 priae
877 2100 1326 2180 perversitatiS,
1353 2100 1631 2181 aliosque
1657 2100 1869 2182 plures
1894 2122 2010 2182 pro
2035 2109 2213 2162 metu
2252 2100 2481 2162 futurae
2506 2101 2665 2162 sedi-

698 2205 907 2266 tionis.
989 2201 1134 2265 Hoc
1160 2205 1330 2264 enim
1370 2225 1636 2267 censura
1674 2206 2070 2267 rectitudinis
2096 2206 2315 2286 exigit,
2355 2212 2421 2266 et
2449 2205 2667 2266 divina

699 2306 801 2367 lex
825 2327 939 2387 per
965 2304 1231 2386 Moysen
1259 2310 1607 2370 rectoribus
1622 2309 1791 2371 orbis
1816 2309 2119 2390 praecipit,
2146 2316 2221 2369 ut
2244 2309 2665 2386 compriman-

697 2419 805 2472 tur
843 2418 1140 2472 nocentes
1178 2431 1258 2471 ne
1298 2413 1620 2490 perimant
1659 2413 2041 2473 innocentes.
2124 2410 2318 2473 Nunc
2352 2419 2567 2472 autem
2596 2413 2664 2472 in

697 2513 965 2576 articulo
985 2514 1208 2575 mortis
1228 2516 1467 2592 positus
1487 2517 1649 2578 sicut
1666 2523 1817 2593 opto
1834 2515 2086 2588 salvari,
2104 2522 2171 2575 et
2183 2534 2297 2593 per
2315 2515 2664 2577 misericor-

697 2620 889 2679 diam.
966 2616 1092 2678 Dei
1120 2636 1161 2677 a
1186 2619 1468 2679 reatibus
1493 2620 1652 2679 meis
1673 2618 1915 2679 absolvi
1941 2620 2027 2679 sic
2066 2637 2282 2678 omnes
2302 2638 2451 2678 mox
2470 2618 2665 2698 jubeo

695 2744 974 2785 carceres
989 2726 1240 2802 aperiri.
1289 2720 1644 2801 Omnesque
1662 2721 1906 2783 vinctos
1921 2729 2151 2798 praeter
2166 2720 2430 2783 fratrem
2447 2741 2661 2782 meum

700 2826 1108 2890 Baiocensem
1123 2827 1482 2905 episcopum
1498 2825 1798 2899 relaxavi,
1806 2824 2159 2905 liberosque
2167 2843 2285 2904 pro
2292 2844 2505 2886 amore
2519 2823 2664 2899 Dei,

698 2938 772 2992 ut
786 2932 918 3009 ipse
938 2931 1099 2991 mihi
1123 2931 1516 3002 misereatur,
1543 2928 1804 2989 dimitti.
1888 2925 1957 2988 N
1958 2929 2059 2989 exi
2075 2935 2291 2988 tamen
2308 2928 2426 2989 tali
2443 2936 2663 2991 tenore

695 3035 774 3095 de
801 3055 1048 3095 carcere
1075 3033 1435 3113 procedant,
1476 3041 1550 3093 ut
1589 3040 1783 3093 antea
1812 3033 2221 3112 jurejurando
2260 3034 2664 3095 securitatem

695 3137 1054 3216 reipublicae
1099 3138 1406 3199 ministris
1452 3136 1691 3197 faciant
1718 3155 1838 3215 que
1876 3135 2395 3209 misericordiam,
2441 3154 2662 3214 pacem

695 3244 762 3302 in
805 3242 1046 3324 Anglia
1084 3250 1150 3302 et
1214 3240 1616 3303 Normannia
1687 3240 1981 3300 omnibus
2025 3239 2231 3299 modis
2273 3246 2555 3311 teneant,
2594 3246 2659 3299 et

693 3347 866 3424 pacis
906 3346 1283 3407 adversariis
1320 3363 1437 3423 pro
1462 3362 1641 3423 posse
1662 3364 1775 3405 suo
1799 3343 2073 3406 viriliter
2097 3344 2415 3405 resistant.

778 3452 1061 3532 Cumque
1103 3450 1436 3523 Robertus,
1493 3447 1811 3511 Moritolii
1849 3466 2075 3521 comeS,
2123 3447 2419 3521 audisset,
2461 3444 2664 3526 regali

695 3556 1014 3617 sententia
1042 3552 1306 3614 fratrem
1349 3572 1532 3613 suum
1572 3559 1875 3633 perpetuo
1916 3551 2163 3623 vinciri,
2202 3549 2475 3611 multum
2518 3568 2663 3609 con-

694 3660 986 3719 tristatus
1016 3663 1130 3717 est.
1213 3654 1566 3717 Herluinus
1608 3655 1836 3735 quippe
1878 3654 1955 3715 de
2002 3652 2364 3715 Contavilla
2405 3651 2666 3714 Herlet-

695 3769 832 3822 tam
862 3759 1129 3822 Roberti
1157 3758 1354 3820 Ducis
1379 3757 1795 3819 concubinam
1833 3758 1898 3817 in
1926 3756 2289 3836 conjugium
2317 3763 2663 3836 acceperat,

693 3884 772 3925 ex
799 3885 925 3945 qua
937 3866 1094 3925 duos
1112 3863 1276 3925 filios
1305 3860 1590 3924 Odonem
1620 3868 1687 3921 et
1705 3858 2057 3923 Robertum
2077 3864 2401 3939 genuerat.
2488 3856 2663 3919 Guil-

692 3966 944 4029 lielmus
969 3974 1185 4029 autem
1211 3967 1339 4028 dux
1364 3974 1431 4026 et
1456 3972 1677 4045 postea
1695 3984 1825 4035 rex,
1865 3963 2161 4024 vitricum
2194 3981 2379 4023 suum
2413 3961 2666 4042 magnis

691 4081 760 4134 et
785 4071 1006 4132 multis
1045 4070 1388 4132 honoribus
1427 4070 1494 4129 in
1537 4066 1897 4129 Normania
1934 4073 2001 4127 et
2042 4064 2284 4145 Anglia
2322 4065 2663 4138 ditaverat,

691 4183 759 4239 et
785 4174 948 4237 filios
974 4176 1106 4254 ejus
1148 4171 1512 4244 Radulfum,
1555 4190 1742 4250 quem
1784 4171 1862 4232 de
1902 4168 2031 4232 alia
2069 4171 2334 4249 conjuge
2374 4188 2664 4249 procrea-
