3192 5050
811 636 1028 683 GEs'rA
1069 635 1417 683 w1LLELM1
1458 636 1663 683 nucis
1702 636 2249 685 NORMANNORUM.
2391 622 2509 685 123

557 777 976 841 Allectionem
1026 758 1192 842 lianc
1237 773 1572 843 sanctitate
1615 789 1931 843 meruerat
1974 790 2163 862 atque
2202 782 2506 844 doctrina.

560 880 683 943 Per
727 883 948 946 eadem
985 892 1124 965 post
1164 884 1248 945 ad
1288 892 1499 946 ortum
1531 884 1679 947 solis
1720 892 1786 946 et
1820 904 2105 947 occasum
2148 883 2507 967 effulgebat.

552 984 774 1068 Neque
802 990 897 1049 sui
923 1009 1134 1049 cursus
1160 988 1428 1051 limitem
1445 988 1536 1049 sol
1557 989 2015 1050 immutabilius
2041 997 2286 1063 natura,
2312 1010 2501 1071 quam

555 1111 666 1171 per
690 1092 976 1154 veritatis
1003 1092 1110 1153 ille
1129 1093 1438 1154 directum
1474 1092 1777 1154 tendebat
1803 1093 1972 1154 vita:
2014 1093 2345 1174 quodquod
2370 1094 2508 1154 ubi-

555 1216 798 1277 quaque
843 1217 954 1277 per
987 1196 1292 1258 mundum
1338 1196 1564 1277 potuit,
1630 1196 1915 1277 iniquum
1961 1197 2295 1276 corrigens»,
2349 1196 2509 1257 nulli

555 1301 914 1362 concedens,
996 1298 1208 1382 Hujus
1254 1299 1580 1382 apostolici
1607 1299 1886 1363 favorem
1924 1308 2141 1382 petens
2187 1301 2333 1373 dux,
2361 1301 2509 1361 inti-

557 1411 730 1465 mato
750 1405 1004 1485 negotio
1031 1404 1197 1486 quod
1215 1404 1522 1486 agitabat,
1559 1403 1859 1466 vexillum
1878 1404 2121 1485 accepit
2142 1406 2273 1485 ejus
2292 1405 2510 1485 benig-

557 1508 780 1582 nitate,
819 1507 996 1571 velut
1029 1507 1393 1589 suffragium
1430 1508 1632 1569 sancti
1677 1507 1886 1570 Petri:
1928 1529 2051 1590 quo
2078 1509 2281 1589 primo
2318 1507 2510 1570 confi-

555 1611 806 1673 dentius
831 1632 904 1674 ac
929 1613 1129 1674 tutius
1154 1613 1479 1675 invaderet
1504 1613 1947 1674 adversarium.

636 1714 728 1777 Et
753 1714 1182 1779 Romanorum
1204 1716 1582 1799 Imperatori
1604 1716 1904 1791 Henrico,
1933 1716 2203 1779 Henrici
2230 1716 2510 1799 Impera-

557 1820 714 1881 toris
759 1818 910 1894 filio,
950 1821 1166 1902 nepoti
1195 1820 1604 1902 Imperatoris
1644 1819 2023 1895 Chounradi,
2065 1823 2313 1885 noviter
2330 1825 2510 1904 junc-

556 1930 658 1984 tus
683 1923 806 1985 fuit
845 1925 912 1984 in
953 1926 1255 1999 amicitia,
1298 1928 1471 2006 cujus
1512 1925 1718 1987 edicto
1760 1926 1834 1985 in¹
1875 1924 2220 2007 quemlibet
2264 1926 2508 1988 hostem

558 2025 900 2091 Germania
937 2030 1017 2102 ei,
1056 2031 1109 2091 si
1160 2028 1523 2111 postularet,
1549 2030 1794 2091 veniret
1819 2028 2113 2109 adjutrix.
2194 2028 2333 2091 Rex
2360 2049 2511 2110 quo-

557 2152 676 2213 que
724 2131 1051 2196 Danorum
1097 2132 1341 2195 Suenus
1381 2131 1571 2194 fidem
1607 2133 2029 2214 legationibus
2054 2134 2115 2195 ei
2157 2134 2509 2216 spopondit,

555 2238 668 2298 sed
691 2238 962 2299 inimicis
987 2240 1120 2319 ejus
1159 2238 1432 2299 amicum
1459 2236 1800 2299 exhibebat
1838 2258 1905 2299 se
1945 2236 2215 2311 fidelem,
2256 2239 2415 2301 sicut
2442 2240 2507 2299 in

555 2343 975 2423 sequentibus,
995 2342 1261 2423 legendo
1295 2342 1489 2424 ipsius
1513 2342 1917 2417 detrimenta,
1944 2344 2270 2424 spectabis.

637 2446 958 2509 Heraldus
1009 2448 1251 2509 interea
1292 2455 1618 2529 promptus
1662 2447 1745 2508 ad
1791 2446 2247 2509 decernendum
2293 2449 2510 2532 praelio

556 2554 687 2615 sive
713 2553 1014 2626 terrestri,
1041 2554 1172 2615 sive
1197 2553 1429 2626 navali,
1455 2551 1822 2634 plerumque
1862 2574 2006 2614 cum
2034 2554 2298 2616 immani
2334 2575 2509 2616 exer-

551 2659 684 2719 citu
730 2659 814 2720 ad
864 2657 1046 2720 littus
1095 2659 1410 2720 marinum
1457 2659 1804 2741 opperiens,
1857 2658 2083 2720 callide
2137 2661 2509 2724 subornatos

553 2763 905 2824 transmisit
949 2763 1388 2843 exploratores.
1472 2761 1752 2844 Quorum
1779 2763 2164 2845 deprehenso
2189 2765 2320 2839 uni,
2360 2785 2506 2827 cau-

554 2887 809 2948 samque
835 2869 933 2929 sui
959 2868 1264 2931 adventus
1290 2887 1416 2949 qua
1439 2876 1820 2950 praeceptum
1846 2875 1944 2929 est
1968 2868 2171 2948 specie
2209 2869 2507 2950 obtegere

555 2980 800 3046 conato,
827 2970 977 3034 Dux
995 2972 1193 3033 animi
1213 2973 1311 3033 sui
1337 2971 1839 3061 magnitudinem
1861 2971 2137 3051 prodidit
2156 2972 2256 3032 his
2280 2973 2506 3035 verbis.

555 3081 592 3109 ‘⁶
617 3074 766 3138 Non
788 3077 1050 3157 indiget,
1087 3076 1314 3157 inquit,
1341 3075 1663 3138 Heraldus
1688 3076 1828 3136 auri
1854 3076 1951 3136 sui
1976 3074 2078 3137 vel
2104 3078 2356 3157 argenti
2375 3080 2507 3157 jac-

554 3188 700 3241 tura
723 3189 902 3241 tuam
929 3179 1316 3260 aliorumque
1356 3178 1544 3242 fidem
1571 3187 1760 3260 atque
1787 3178 2107 3241 solertiam
2134 3199 2360 3254 emere,
2398 3182 2503 3260 qui

552 3284 809 3346 subdole
837 3285 1221 3365 speculatum
1249 3303 1362 3346 nos
1386 3284 1674 3347 veniatis.
1758 3281 1923 3365 Quid
1948 3283 2325 3358 consulatur,
2354 3285 2505 3366 quid

553 3395 893 3470 apparetur
927 3389 1095 3470 apud
1119 3408 1250 3461 nos,
1275 3388 1506 3449 certior
1530 3407 1673 3449 eum
1704 3406 1893 3468 quam
1919 3387 2093 3460 velit,
2120 3395 2186 3448 et
2210 3388 2504 3468 opinione

550 3495 683 3573 ejus
708 3493 910 3565 citior,
949 3493 1156 3565 index,
1183 3492 1410 3572 quippe
1435 3510 1578 3552 mea
1616 3492 1968 3572 praesentia,
2008 3492 2276 3552 docebit.
2356 3490 2502 3554 Hoc

549 3617 628 3658 ex
652 3616 756 3657 me
795 3595 961 3657 refer
999 3595 1096 3657 illi
1133 3595 1520 3669 mandatum,
1559 3615 1676 3656 nec
1702 3594 1897 3657 ullam
1938 3595 2384 3658 adversitatem
2424 3618 2501 3660 ex

549 3701 730 3763 nobis
769 3699 828 3761 ei
855 3699 1310 3780 suscipiendam
1336 3719 1485 3774 esse,
1532 3700 1863 3780 quominus
1901 3700 2205 3781 reliquam
2245 3709 2499 3763 aetatem

545 3824 796 3866 securus
839 3812 1010 3884 agat,
1052 3803 1175 3864 nisi
1208 3803 1380 3865 intra
1411 3823 1691 3865 annuum
1728 3803 2019 3884 spatium,
2056 3804 2167 3864 ubi
2200 3804 2499 3867 tutiorem

547 3909 756 3970 locum
796 3909 923 3970 suis
960 3908 1222 3989 pedibus
1260 3915 1489 3989 sperat,
1527 3928 1631 3968 me
1671 3908 2076 3994 conspexerit.
2163 3907 2500 3991 Stupentes

546 4034 696 4076 vero
721 4013 959 4095 grande
985 4013 1355 4095 promissum
1395 4013 1699 4094 primores
1741 4011 2271 4088 Normannorum,
2311 4016 2499 4078 multi

548 4116 964 4179 diffidentiam
1003 4136 1181 4179 suam
1216 4137 1342 4179 non
1383 4118 1668 4179 reticent.
1750 4115 2162 4197 Amplificant
2194 4122 2496 4196 oratione,

546 4242 735 4302 quam
764 4221 1114 4303 desperatio
1140 4221 1424 4295 dictavit,
1451 4241 1596 4302 opes
1625 4217 1915 4295 Heraldi‚
1950 4241 2093 4283 suas
2119 4223 2496 4288 diminuunt.

551 4323 887 4386 Thesauris
929 4324 1109 4385 illum
1152 4325 1490 4399 abundare,
1527 4325 1752 4405 quibus
1792 4326 1989 4406 partis
2034 4346 2158 4386 suae
2202 4327 2385 4390 duces
2429 4339 2497 4390 et

2048 4444 2095 4492 K
2131 4429 2173 4489 2
