3192 5050
801 593 962 640 wm.
1001 591 1284 640 GARMEN
1323 591 1414 640 DE
1455 591 1834 640 RAR‘HNGAE
1872 591 2163 640 PROELIO.

685 733 1184 817 Spondendoque
1210 733 1402 798 fidem
1429 735 1701 816 porrigit
1726 755 1837 796 ore
1862 755 2099 798 necem.

602 840 776 921 Ergo
801 860 1022 902 cavere
1050 839 1230 902 decet
1256 859 1337 900 ne
1365 839 1757 922 decipiamur
1780 840 1863 902 ab
1888 839 2018 912 illo,

682 942 775 1005 Ni
801 945 998 1006 simus
1022 943 1184 1005 risus
1209 942 1396 1004 ludus
1422 950 1488 1004 et
1515 944 1582 1004 in
1610 942 1861 1024 populo.

605 1044 988 1108 Mandamus
1012 1047 1192 1109 vobis
1219 1054 1602 1128 quapropter
1628 1055 1838 1108 caetra
1863 1046 2049 1119 tueri,

681 1149 984 1212 Irruatin
1010 1151 1234 1212 castris
1257 1170 1340 1212 ne
1367 1150 1572 1212 malus
1599 1149 1707 1211 ille
1736 1149 1922 1212 latro.

609 1251 734 1314 Sed
759 1274 900 1314 cras
926 1255 980 1314 si
1007 1254 1270 1335 dignum
1289 1254 1468 1317 vobis
1493 1255 1786 1318 videatur
1810 1262 1878 1315 et
1902 1273 2173 1336 mquam,

688 1356 928 1420 Contra
954 1377 1144 1438 quem
1169 1359 1346 1420 misit
1372 1379 1540 1420 vana
1568 1359 1803 1420 referre
1829 1357 2011 1430 mihi,

605 1459 893 1522 Reddere
920 1460 1208 1542 legatum
1233 1483 1350 1543 pro
1374 1463 1584 1524 verbis
1610 1462 1809 1524 verba
1830 1469 2127 1542 paratum

686 1563 796 1624 Illi
822 1564 1174 1638 mittamuS,
1201 1567 1309 1646 qui
1341 1566 1677 1626 minimum
1704 1565 1949 1626 timeat.

610 1666 963 1730 Monachus
982 1677 1078 1729 est
1096 1669 1280 1730 nobis
1305 1688 1428 1750 quo
1453 1689 1580 1730 non
1608 1669 2039 1731 moderantior
2058 1667 2241 1741 alter,

688 1770 780 1832 Et
805 1771 968 1834 nulli
993 1771 1220 1834 cedens
1245 1772 1518 1834 rhetoris
1543 1771 1769 1846 offici0,

615 1872 897 1956 Signifer
916 1875 1202 1956 insignis,
1222 1876 1292 1936 ni
1318 1875 1543 1956 regula
1565 1895 1745 1938 sacra
1769 1884 2057 1958 negaret.

697 1978 768 2041 Si
793 1979 972 2040 vobis
997 1978 1266 2061 placeat,
1293 1979 1400 2040 hic
1423 1999 1572 2042 mea.
1594 1980 1769 2042 dicta
1794 1977 2017 2053 ferat,”

613 2081 816 2156 Dixit,
844 2089 911 2143 et
938 2091 1033 2144 est
1059 2091 1308 2146 actum:
1349 2083 1689 2166 complevit
1714 2092 1781 2146 et
1808 2086 1975 2146 actio
1996 2085 2261 2156 dictum,

693 2185 1048 2250 Monachus
1067 2187 1345 2260 accitum
1385 2208 1501 2248 nec
1520 2207 1719 2262 mora,
1746 2189 1951 2270 carpit
1980 2189 2125 2249 iter.

616 2288 872 2351 Interea
898 2289 1070 2350 fedes
1097 2289 1354 2351 fuscatae
1379 2290 1620 2353 fraudis
1647 2300 1713 2352 et
1740 2292 1939 2366 hereS,

694 2390 902 2454 Nocte
930 2392 1047 2454 sub
1071 2393 1352 2467 obscura,
1379 2393 1536 2456 furis
1565 2395 1631 2454 in
1660 2403 1797 2456 arte
1824 2396 2062 2475 vig-ena,

613 2494 754 2558 Rex
781 2496 946 2561 acies
971 2516 1222 2559 armare
1243 2498 1448 2578 jubet,
1476 2497 1655 2561 ducis
1681 2507 1873 2581 atque
1900 2499 2163 2561 latentis

696 2598 970 2662 Mandat
996 2609 1069 2661 ut
1097 2601 1405 2663 invadant
1433 2604 1711 2683 agmina,
1738 2605 1793 2665 si
1817 2603 2093 2665 valeant.

615 2702 896 2766 Estimat
916 2705 1207 2787 invigiles
1233 2714 1625 2787 prosternere
1654 2707 1978 2769 fraudibus
2007 2707 2245 2769 hostes:

698 2806 950 2871 Fallere
976 2809 1130 2871 dum
1154 2811 1395 2892 quaerit,
1421 2811 1668 2873 fallitur
1693 2821 1885 2894 atque
1910 2814 2058 2873 ruit.

617 2910 768 2973 Dux
793 2912 902 2993 qui
929 2932 972 2973 a
987 2912 1230 2975 directo
1254 2913 1468 2995 legato
1494 2916 1767 2997 pervigil
1788 2925 1983 2989 extat,

696 3011 856 3095 Ejus
882 3022 949 3075 et
975 3015 1233 3095 ingenio
1250 3017 1532 3080 conscius
1549 3020 1709 3080 attis
1728 3027 1886 3081 erat.

620 3116 959 3181 Divertens
985 3119 1236 3201 legatus
1259 3122 1384 3183 iter
1409 3143 1522 3204 per
1547 3124 1732 3185 devia
1758 3133 1941 3186 terme

703 3220 968 3285 Nescius
995 3227 1271 3301 accessit,
1299 3246 1412 3287 rex
1436 3228 1548 3288 ubi
1567 3227 1739 3289 furta
1758 3228 1931 3291 facit.

620 3331 656 3361 ‘⁶
678 3324 806 3389 Pro
831 3328 1062 3390 merito
1087 3328 1166 3390 de
1192 3338 1374 3411 parte
1395 3330 1588 3405 ducis,
1617 3330 1782 3406 rex,’'
1802 3334 2033 3415 inquit,
2061 3341 2099 3369 ‘⁶
2118 3345 2322 3411 avetO,

707 3428 908 3510 Quem
938 3451 1066 3493 non
1092 3451 1170 3493 ex
1195 3452 1372 3514 aequo
1399 3436 1570 3516 cogis
1589 3436 1753 3496 inire
1780 3436 2019 3498 malum
2044 3458 2060 3498 :

622 3530 768 3594 Hoc
788 3534 939 3613 quia
963 3532 1288 3617 perplures
1301 3545 1625 3599 testantur
1651 3538 1743 3619 (et
1770 3542 1991 3602 asserit
2018 3540 2187 3603 idem

703 3636 979 3700 Assensu
999 3639 1260 3722 populi),
1287 3642 1549 3703 consilio
1573 3664 1900 3724 procerum

621 3738 972 3803 Edwardus
997 3744 1166 3825 quod
1189 3764 1302 3805 rex
1319 3754 1392 3806 ut
1417 3747 1479 3806 ei
1504 3748 1861 3810 succederet
1888 3750 2086 3825 heres,

704 3843 955 3905 Annuit
983 3853 1048 3907 et
1075 3845 1264 3921 fecit3
1305 3856 1492 3930 teque
1519 3850 1773 3912 favente
1800 3852 1921 3913 sibi

623 3945 874 4009 Anulus
897 3956 992 4009 est
1019 3948 1116 4011 illi
1143 3952 1328 4013 testis
1353 3972 1675 4015 concessus
1700 3963 1765 4016 et
1786 3958 1970 4031 ensiS,

714 4050 864 4132 Quae
889 4073 1006 4133 per
1027 4062 1094 4115 te
1120 4056 1292 4117 nosti
1317 4056 1508 4118 missa
1526 4058 1715 4119 fuisse
1743 4061 1883 4123 sibi.

625 4156 744 4221 Eat
763 4157 964 4237 igitur
989 4160 1300 4221 servanda
1325 4159 1480 4222 fides
1499 4164 1718 4243 jurata
1742 4168 1946 4227 teneri

710 4259 998 4323 Nexibus
1023 4269 1212 4343 atque
1239 4266 1434 4325 sacris
1457 4264 1719 4328 dextera
1746 4270 1969 4333 stricta
1994 4293 2235 4337 manus,

2407 574 2489 637 35
