3192 5050
752 615 911 664 wm.
952 614 1237 664 eanum«
1276 615 1373 662 nn
1408 613 1790 662 HASTINGAE
1829 611 2110 660 anuo.
2351 593 2436 658 39

554 759 833 822 Lumina.
858 767 1229 822 convertens
1254 759 1439 820 sociis
1462 758 1595 818 hmo
1622 757 1862 838 gaudia
1883 756 2140 838 profert,

635 863 801 924 Belli
826 863 1207 944 principium
1232 869 1551 924 monstrat
1574 869 1642 923 et
1667 881 1802 922 esse
1827 881 2030 924 suum.

560 965 795 1028 Omnes
819 965 1121 1039 letantur,
1147 964 1499 1030 Dominum
1524 966 1766 1047 pariter
1789 971 2174 1026 venerantur
2195 983 2210 1034 ;

637 1067 951 1132 Exultant
975 1070 1139 1132 ietus
1165 1069 1333 1150 quod
1356 1070 1533 1151 prior
1555 1076 1736 1130 extat
1761 1069 1886 1141 eis3

559 1169 649 1232 Et
673 1180 913 1234 tremor
938 1181 1007 1233 et
1031 1172 1245 1236 fervor
1264 1194 1379 1255 per
1402 1174 1595 1236 eorda
1619 1173 1834 1236 virilia
1857 1179 2138 1244 eun-unt,

640 1272 1099 1357 Festinantque
1124 1276 1313 1339 simul
1332 1280 1604 1358 jungere
1627 1285 1810 1338 scuta
1831 1277 1974 1338 viri.

562 1375 886 1440 Invadunt
912 1380 1106 1460 primi
1132 1380 1416 1461 peditum
1444 1389 1642 1443 emtus
1669 1379 2046 1462 pharetrati,

644 1478 915 1546 Eminus
940 1490 1011 1547 et
1025 1482 1253 1564 jaculis
1278 1503 1541 1566 eol-pora.
1564 1485 1912 1565 trajiciunt,

562 1583 655 1647 Et
680 1585 1053 1648 balistantes
1078 1586 1313 1669 clipeos
1336 1588 1423 1649 ad
1444 1588 1778 1669 grandinis
1803 1589 2005 1648 instar

646 1688 1043 1764 Dissolvunt,
1064 1691 1365 1772 quatiunt
1388 1692 1620 1754 ictibus
1645 1692 2010 1752 innumeris,

570 1791 700 1854 Sed
724 1793 933 1855 levam
965 1792 1153 1869 Galli,
1182 1772 1475 1858 dein-rm
1498 1797 1738 1878 petiere
1761 1795 2092 1868 Britanni3

648 1894 803 1958 Dux
826 1917 971 1960 eum
1002 1896 1072 1960 N
1070 1900 1397 1962 ormannis
1418 1899 1692 1962 dimicat
1714 1901 1782 1960 in
1809 1899 2038 1960 medio.

568 2000 927 2081 Anglorum
955 2009 1085 2066 stat
1110 2000 1241 2065 fixa
1265 2003 1399 2067 solo
1423 2003 1798 2066 densissima
1819 2005 2029 2077 turba,

656 2103 813 2167 Tela.
838 2105 953 2168 dat
974 2114 1043 2170 et
1059 2106 1225 2182 telis,
1250 2115 1323 2169 et
1343 2107 1587 2189 gladios
1612 2108 1862 2189 gladiis,

577 2208 919 2291 Spiritibus
944 2219 1266 2293 nequeunt
1290 2212 1600 2274 frustrata.
1623 2213 1932 2274 cadavera
1955 2211 2174 2285 sterni,

656 2311 799 2376 Neo
823 2313 1059 2378 eedunt
1080 2316 1247 2378 vivis
1264 2335 1527 2398 corpora
1551 2317 1902 2378 militibus:

580 2415 783 2478 Omne
810 2418 1079 2481 cadaver
1104 2420 1295 2494 enim,
1322 2421 1461 2482 vita
1484 2420 1636 2482 lieet
1661 2428 2060 2493 evacuatum,

660 2517 811 2585 Stat
834 2519 1009 2585 velut
1034 2521 1321 2598 illaesum,
1346 2525 1623 2606 possidet
1649 2534 1840 2607 atque
1868 2525 2074 2586 locum
2099 2545 2116 2597 ;

580 2620 721 2685 Nee
749 2634 1083 2705 penetrare
1107 2626 1326 2691 valent
1352 2630 1622 2710 spissum
1647 2649 1870 2690 nemus
1895 2627 2406 2710 Angligenarum

662 2724 757 2789 Ni
780 2729 1025 2791 tribuat
1050 2731 1217 2793 vires
1240 2732 1483 2795 viribus
1508 2735 1856 2815 ingenium.

581 2832 851 2895 Artibus
875 2835 1171 2899 instructi
1196 2834 1451 2911 Franci,
1477 2838 1718 2900 bellare
1744 2841 1954 2920 periti,

663 2937 761 2999 Ae
788 2939 843 2998 si
861 2938 1095 3001 devicti
1120 2938 1343 3003 fraude
1369 2940 1591 3023 fugam
1619 2944 1938 3005 simulant.

583 3040 849 3105 Rustica,
873 3043 1113 3107 letatur
1135 3065 1293 3129 gens
1318 3054 1385 3108 et
1412 3067 1734 3129 superasse
1759 3050 2064 3130 putabat;

652 3133 821 3209 'Post
844 3155 1097 3229 tergum
1124 3150 1315 3211 nudis
1336 3151 1692 3233 insequitur
1714 3152 1962 3233 gladiis.

583 3250 838 3313 Amotis
863 3254 1033 3317 sanis
1056 3252 1361 3316 labuntur
1393 3256 1741 3332 dilacerati,

673 3354 970 3438 Silvaque
990 3358 1187 3439 spissa
1210 3360 1385 3439 prius
1410 3362 1614 3423 rarior
1639 3362 1926 3427 efficitur.

589 3458 913 3543 Conspicit
937 3470 1013 3523 ut
1038 3471 1295 3544 ceptum
1322 3484 1517 3527 cornu
1543 3474 1810 3531 tenuare
1827 3469 2171 3543 sinistrum,

672 3563 971 3629 Intrandi
994 3567 1287 3629 dextrum
1316 3570 1481 3649 quod
1508 3572 1616 3633 via.
1640 3572 1822 3655 larga
1846 3581 2042 3655 patet,

592 3666 865 3731 Perdere
892 3670 1201 3751 dispersos
1223 3673 1487 3735 variatis
1512 3674 1796 3738 cladibus
1820 3678 2032 3741 hostes

674 3770 937 3839 Laxatis
962 3773 1158 3837 frenis
1183 3786 1387 3838 certat
1410 3786 1749 3862 utrumque
1781 3784 1991 3863 prius3

596 3875 839 3959 Quique
866 3877 1083 3961 fugam
1111 3880 1414 3943 simulant
1439 3884 1824 3948 instantibus
1846 3907 1960 3951 ora
1984 3894 2373 3969 retorquent,

678 3978 1065 4045 Constrietos
1090 3993 1326 4065 cogunt
1350 3995 1600 4050 vertere
1626 3990 1814 4054 dorsa
1835 3995 1997 4055 neei.

600 4086 757 4149 Pars
782 4088 876 4149 ibi
899 4108 1138 4169 magna
1161 4091 1347 4170 perit,
1374 4112 1521 4173 pars
1544 4102 1616 4155 et
1639 4095 1906 4161 densata.
1922 4098 2196 4159 resistit:

681 4190 873 4252 Milia
896 4212 1169 4274 namque
1196 4194 1412 4257 decem
1438 4207 1586 4260 sunt
1614 4200 1706 4261 ibi
1731 4220 1913 4281 passa
1937 4222 2180 4266 necem.

599 4294 699 4358 Ut
724 4304 993 4377 pereunt
1016 4297 1204 4361 mites
1230 4298 1577 4365 bambante
1605 4302 1784 4367 leone
1812 4307 2117 4385 bidentes,
