3192 5050
945 637 1299 686 EXCERPTA
1339 639 1430 684 DE
1473 637 1641 684 vrrA
1685 638 2055 684 w1LLELM1.
2408 624 2487 685 55

514 791 957 862 regnaverunt,
1011 782 1335 844 ecclesiam
1390 781 1514 844 Dei
1568 790 1982 844 amaverunt:
2024 782 2365 845 honoribus
2420 793 2486 844 et

514 887 749 947 exeniis
775 885 963 947 multi
989 887 1238 967 generis
1255 885 1819 966 locupletaverunt,
1847 887 2012 947 unde
2038 907 2225 960 nunc,
2251 895 2325 948 ut
2351 907 2484 949 cre-

512 988 742 1062 dimus,
767 989 836 1048 in
863 1008 1113 1050 amoena
1131 988 1276 1049 sede
1292 987 1462 1050 felici
1482 990 1895 1050 retributione
1912 989 2258 1069 gaudentes
2277 991 2482 1071 requi-

511 1099 745 1152 escunt.
829 1090 1239 1152 Ethelbertus
1278 1099 1344 1152 et
1371 1089 1691 1165 Edwinus,
1730 1111 1804 1153 ac
1844 1099 2096 1154 sanctus
2140 1091 2483 1167 Oswaldus‚

512 1191 950 1267 Ethelwulfus,
979 1214 1052 1255 ac
1079 1193 1398 1267 Alfredus,
1438 1193 1788 1255 Edwardus
1826 1195 2035 1256 senior
2076 1203 2142 1257 et
2169 1193 2481 1278 Edgarus.

511 1306 933 1378 cognatusque
950 1317 1126 1359 meus
1152 1305 1219 1358 et
1244 1297 1601 1358 carissimus
1620 1297 1909 1359 dominus
1929 1296 2279 1360 Edwardus
2296 1299 2482 1360 dede-

511 1408 662 1461 runt
687 1420 836 1482 opes
861 1400 1133 1462 ecclesiae
1150 1409 1399 1474 sanctae,
1426 1419 1563 1481 quae
1578 1409 1676 1462 est
1702 1420 1928 1482 sponsa
1946 1400 2090 1463 Dei.
2173 1400 2262 1464 Et
2281 1401 2481 1464 frater

511 1525 704 1578 meua
746 1507 849 1565 cui
894 1505 1091 1566 totius
1133 1505 1314 1585 regni
1356 1504 1625 1566 tutelam
1672 1506 2128 1579 commendavi,
2171 1506 2482 1568 violenter

508 1629 656 1690 opes
682 1609 962 1690 diripuit,
1004 1608 1344 1670 crudeliter
1388 1627 1692 1689 pauperes
1732 1610 2056 1690 oppressit,
2097 1609 2325 1671 frivola
2370 1631 2479 1692 spe

510 1710 746 1772 milites
783 1711 943 1772 mihi
970 1712 1290 1792 surripuit,
1333 1718 1662 1791 totumque
1703 1731 1969 1792 regnum
2012 1713 2261 1792 injustis
2303 1733 2482 1775 exac-

511 1815 788 1876 tionibus
814 1815 1176 1877 concutiens
1215 1814 1583 1894 exagitavit.
1670 1813 1834 1894 Quid
1859 1814 2006 1875 inde
2034 1816 2349 1896 agendum
2376 1817 2479 1891 sit,

509 1927 690 1980 caute
718 1918 1128 1991 considerate,
1156 1926 1222 1978 et
1247 1918 1408 1978 mihi
1437 1937 1641 1998 quaeso
1667 1913 2041 1979 insinuate.”

593 2019 1054 2102 QUUMQUE
1095 2040 1314 2082 omnes
1354 2027 1608 2081 tantum
1647 2021 1856 2081 virum
1896 2021 2219 2095 timerent,
2248 2030 2315 2082 et
2342 2041 2480 2084 sen-

508 2126 780 2187 tentiam
820 2126 886 2185 in
928 2123 1108 2186 illum
1150 2123 1430 2202 proferre
1472 2123 1858 2196 dubitarent,
1899 2125 2341 2204 magnanimus
2367 2146 2481 2187 rex

510 2230 640 2290 ait:
701 2235 738 2261 “
770 2227 984 2290 Noxia
1025 2228 1352 2288 temeritas
1386 2245 1635 2304 semper
1671 2227 2161 2305 comprimenda,
2202 2228 2237 2260 ²*
2321 2228 2357 2262 ³*
2442 2230 2477 2263 '¹‘

513 2334 548 2366 ’ff
709 2332 744 2364 ὓ
909 2331 944 2364 ὅ
1110 2331 1145 2364 ’ἓ
1311 2330 1346 2363 ¹*
1510 2330 1545 2363 ’ἦ
1711 2331 1746 2364 ¹*
1910 2332 1945 2364 ἕ
2108 2332 2143 2364 'ff
2325 2333 2360 2366 ’ἓ
2443 2335 2479 2367 ³15

512 2437 547 2468 ³*
711 2436 746 2468 ’¹‘
909 2433 944 2466 ’¹‘
1107 2435 1142 2466 ⁴⁶
1266 2431 1548 2514 [Folium
1577 2431 1780 2512 deest]
1908 2433 1943 2466 ’¹‘
2108 2434 2142 2467 *
2322 2435 2357 2468 '¹‘
2442 2437 2477 2469 '¹¹⁵

513 2542 546 2574 ⁴⁶
712 2541 747 2573 ’¹‘
911 2539 946 2571 '¹‘
1110 2538 1145 2571 ’¹‘
1309 2537 1344 2570 '¹‘
1509 2537 1544 2570 '¹‘
1710 2539 1744 2572 *
1908 2540 1943 2572 '¹¹⁵
2107 2539 2143 2573 ³*
2156 2541 2483 2605 multoties

507 2644 662 2706 olim
680 2652 904 2705 contra
922 2650 1172 2719 patrem
1204 2661 1387 2702 suum
1403 2641 1793 2723 litigaverat,
1820 2652 1887 2705 et
1907 2652 2060 2706 tunc
2086 2646 2336 2707 noviter
2365 2666 2482 2725 pro

507 2747 880 2830 quibusdam
900 2746 1158 2823 ineptiis
1177 2744 1470 2806 similiter
1485 2745 1915 2809 stomachatus
1934 2748 2017 2809 ad
2043 2769 2258 2830 regem
2278 2746 2482 2809 Fran-

505 2871 718 2913 corum
739 2850 1124 2911 discesserat.
1207 2845 1452 2909 Verum
1479 2850 1727 2928 sapiens
1752 2850 1933 2913 heres
1953 2853 2021 2912 in
2044 2852 2327 2913 futurum
2355 2854 2477 2914 sibi

504 2954 840 3034 multisque
860 2951 1192 3014 commoda
1208 2951 1414 3012 facere
1431 2972 1557 3013 non
1575 2952 1841 3027 distulit,
1862 2974 2201 3036 omnesque
2221 2955 2476 3017 thesau-

501 3078 603 3120 ros
629 3078 769 3119 suos
786 3055 1057 3117 ecclesiis
1076 3062 1144 3116 et
1158 3054 1552 3134 pauperibus,
1576 3052 1824 3137 Deique
1852 3057 2159 3119 ministris
2179 3058 2476 3119 distribui

496 3161 811 3242 praecepit.
893 3159 1214 3240 Quantum
1233 3177 1384 3219 vero
1410 3158 1673 3239 singulis
1699 3159 1838 3221 dari
1858 3159 2077 3234 voluit,
2105 3161 2309 3222 calide
2332 3169 2471 3224 tax-

503 3266 655 3338 avit,
697 3272 764 3325 et
802 3282 1014 3324 coram
1041 3282 1106 3323 se
1149 3261 1417 3321 describi
1464 3280 1505 3322 a
1543 3262 1809 3322 notariis
1849 3263 2204 3342 Mperavit.
2292 3261 2480 3325 Clero

502 3388 744 3449 quoque
767 3365 1176 3429 Madantensi
1202 3363 1462 3442 supplex
1479 3363 1767 3445 ingentia
1786 3364 1953 3425 dona
1971 3365 2182 3426 misit:
2224 3374 2298 3427 ut
2326 3367 2393 3426 in
2402 3366 2481 3427 de

501 3479 933 3533 restaurentur
960 3469 1252 3541 ecclesiae,
1279 3488 1433 3549 quas
1458 3469 1902 3529 combusserat.
1985 3468 2085 3530 De
2106 3467 2230 3531 fide
2258 3478 2324 3532 et
2345 3473 2477 3551 jus-

499 3576 650 3637 titia
676 3574 1014 3635 servanda:
1056 3574 1134 3633 de
1159 3571 1299 3655 lege
1340 3570 1468 3633 Dei
1493 3579 1558 3632 et
1584 3590 1739 3649 pace
1766 3572 2059 3646 tenenda,
2103 3572 2181 3634 de
2221 3574 2478 3651 privile-

498 3679 682 3760 legiis
707 3677 1106 3740 ecclesiarum
1135 3683 1200 3736 et
1226 3676 1482 3736 statutis
1507 3684 1762 3754 patrum
1791 3676 2213 3751 observandis,
2254 3698 2484 3743 omnes

501 3784 608 3865 qui
654 3790 990 3862 praesentes
1018 3788 1202 3841 erant
1227 3780 1577 3852 admonuit,
1607 3787 1674 3840 et
1701 3778 2152 3841 allocutionem
2180 3801 2293 3861 per
2332 3804 2479 3846 eum

501 3888 808 3949 memoria
848 3886 1128 3967 dignam,
1171 3882 1469 3944 admixtis
1507 3883 1829 3944 interdum
1872 3882 2149 3946 lacrimis
2188 3886 2485 3968 eloquen-

498 3999 599 4051 ter
625 3992 712 4053 sic
739 3990 974 4051 edidit:

581 4100 616 4127 “
644 4092 872 4155 Multis
900 4090 1178 4173 (inquit),
1201 4089 1255 4153 O
1277 4091 1466 4151 amici
1485 4093 1907 4172 gravibusque
1929 4095 2203 4172 peccatis
2221 4105 2489 4159 onustus

499 4199 931 4269 contremisco,
973 4204 1038 4256 et
1065 4215 1213 4255 mox
1239 4193 1322 4254 ad
1348 4194 1747 4255 tremendum
1767 4194 1891 4256 Dei
1919 4216 2185 4259 examen
2229 4202 2487 4279 rapien-

501 4300 634 4374 duS,
663 4299 830 4381 quod
856 4299 1086 4361 faciam
1113 4298 1354 4376 ignom.
1439 4294 1520 4356 In
1547 4298 1742 4359 armis
1770 4300 1941 4359 enim
1968 4301 2052 4361 ab
2079 4301 2353 4364 infantia
2371 4325 2490 4365 nu·-

501 4406 691 4465 tritus
708 4424 864 4475 sum,
887 4411 953 4464 et
973 4401 1160 4463 multi
1180 4401 1503 4482 sanguinis
1523 4399 1823 4464 effusione
1848 4402 2190 4465 admodum
2210 4406 2491 4483 pollutus

2036 4522 2077 4567 F
