3192 5050
743 613 859 675 106
1102 640 1110 649 ·
1140 628 1350 676 semp.
1392 628 1634 675 RERUM
1674 628 1863 675 GEs'r.
1905 627 2254 675 WILLELMI
2296 630 2341 676 1.

749 772 908 836 hanc
933 777 1066 856 ejus
1100 774 1438 855 gloriosam
1463 772 1830 835 felicitatem
1857 792 2123 855 praesens
2147 774 2551 855 conspiceret,
2578 773 2689 835 de·-

745 880 940 941 seruit
975 888 1122 940 ante
1168 899 1294 940 non
1340 880 1548 939 minus
1590 876 1804 941 invido
1857 876 2069 939 dolore
2095 897 2282 957 quam
2310 877 2691 939 inconstanti

741 983 1006 1067 perfidia
1057 986 1330 1047 abactus.
1430 982 1659 1045 Noluit
1684 983 2037 1044 meminisse
2064 983 2391 1064 impudens
2411 983 2693 1057 audacia,

743 1088 1051 1169 quomodo
1076 1089 1318 1170 pridem
1344 1087 1744 1149 clementiam
1768 1087 2042 1148 oraverit
2057 1086 2457 1167 perdomitus.
2540 1084 2692 1149 Non

744 1200 840 1253 est
864 1193 1070 1255 verita
1093 1192 1420 1274 impudens
1436 1192 1734 1273 iniquitas
1751 1192 2160 1273 jurisjurandi
2178 1193 2413 1256 violare
2433 1194 2693 1275 promis-

745 1316 903 1359 sum.
941 1295 1040 1357 At
1060 1304 1430 1378 perpetuum
1456 1317 1704 1371 nomen,
1732 1308 1966 1381 quanto
1980 1302 2248 1382 majores
2274 1300 2443 1363 illius
2474 1299 2695 1382 (quan-

745 1421 933 1482 quam
958 1400 1269 1483 potentes)
1304 1422 1623 1485 nunquam
1650 1412 1797 1467 sunt
1820 1403 2093 1485 gloriati,
2119 1424 2338 1485 parere
2376 1403 2499 1465 sibi
2522 1403 2695 1465 vide-

744 1506 951 1581 batur,
1016 1508 1070 1569 si
1108 1508 1409 1571 virtutem
1462 1509 1784 1582 invictam,
1842 1506 2179 1588 triumphis
2222 1504 2694 1587 magnificatam

747 1611 1239 1693 quamplurimis,
1292 1613 1588 1676 lacessere
1631 1614 1908 1676 auderet.
2022 1611 2146 1674 Per
2185 1612 2428 1694 legatos
2465 1612 2695 1683 iterum

743 1714 1096 1796 iterumque
1110 1717 1386 1779 monitus
1405 1718 1488 1779 ad
1505 1718 1988 1799 obsequendum,
2013 1725 2293 1779 mentem
2310 1718 2694 1781 obstinatam

744 1836 872 1879 non
915 1820 1147 1882 omisit.
1227 1820 1428 1904 Fuga,
1463 1822 1717 1896 astutia,
1756 1820 2101 1903 validaeque
2140 1822 2525 1883 munitiones
2565 1840 2693 1882 non

744 1922 1058 1985 modicum
1077 1921 1318 1987 fidueiae
1336 1926 1871 1988 ministraverunt.
1928 1924 2171 1987 Statuit
2190 1946 2341 2007 ergo
2359 1925 2696 2007 prudentia

743 2028 1058 2109 repudiati
1096 2026 1359 2091 Domini
1396 2029 1734 2092 latibulum
1789 2030 2176 2091 carissimum
2230 2028 2587 2091 abalienare
2633 2028 2695 2091 ei

743 2138 1016 2192 castrum
1045 2130 1452 2196 Meduanum.
1534 2134 1887 2198 AEstimans
1905 2135 2106 2198 multo
2132 2135 2329 2197 satius
2348 2156 2422 2197 ac
2442 2134 2693 2216 dignius

743 2234 862 2297 hac
888 2257 1072 2318 poena
1097 2238 1302 2313 ferire,
1330 2259 1518 2321 quam
1543 2239 1924 2321 fugitantem
1950 2240 2255 2320 persequi,
2280 2247 2347 2301 et
2363 2238 2691 2301 victoriam

742 2339 945 2401 levem
997 2359 1076 2403 ex
1125 2362 1202 2405 eo
1251 2352 1437 2426 capto
1488 2344 1839 2425 insignibus
1888 2342 2095 2405 titulis
2145 2343 2392 2405 addere.
2479 2341 2691 2424 Hujus

740 2446 930 2505 castri
962 2446 1128 2508 latus
1155 2446 1444 2523 alterum,
1487 2449 1651 2531 quod
1678 2447 1937 2510 alluitur
1981 2447 2299 2530 scopuloso
2350 2447 2691 2530 rapidoque

744 2547 1005 2611 flumine
1032 2551 1207 2632 (nam
1234 2572 1422 2634 supra
1449 2550 1784 2615 Meduanae
1804 2555 2007 2634 ripam
2035 2554 2102 2614 in
2128 2561 2443 2635 praerupta
2458 2553 2692 2616 montis

740 2671 893 2732 rupe
921 2654 1111 2714 situm
1136 2653 1258 2734 est)
1284 2656 1353 2715 id
1370 2655 1546 2717 nulla
1563 2644 1647 2729 vi',
1674 2655 1847 2718 nullo
1866 2656 2120 2736 ingenio
2137 2655 2239 2719 vel
2258 2664 2396 2718 arte
2414 2657 2693 2719 humana

741 2759 1045 2818 attentari
1083 2766 1307 2838 potest.
1387 2758 1599 2820 Alteri
1624 2779 1772 2821 vero
1798 2760 2195 2821 munimenta
2218 2759 2487 2842 lapidea,
2525 2762 2692 2842 pari-

737 2868 956 2942 terque
1021 2860 1426 2924 difficillimus
1489 2863 1699 2925 aditus
1761 2872 2178 2946 propugnant.
2317 2861 2693 2946 Disponitur

739 2973 954 3026 tamen
979 2966 1238 3040 obsidi0,
1282 2966 1561 3028 exercitu
1594 2975 1809 3029 nostro
1833 2966 2091 3029 admoto
2118 2975 2424 3048 quantum
2459 2975 2691 3031 natura

739 3069 1042 3150 repellens
1079 3069 1340 3152 patitur,
1380 3071 1621 3132 cunctis
1664 3071 2041 3134 mirantibus
2085 3071 2307 3133 ducem
2350 3092 2484 3134 rem
2524 3073 2690 3136 hanc

737 3175 927 3236 nimis
965 3174 1228 3236 arduam
1274 3173 1799 3238 confidentissime
1844 3195 2300 3257 aggressurum.
2381 3174 2689 3257 Equitum

738 3299 812 3340 ac
838 3279 1120 3360 peditum
1146 3280 1356 3362 copias
1397 3287 1609 3341 tantas
1648 3279 1959 3341 incassum
2004 3278 2264 3360 fatigari
2304 3279 2515 3340 cuncti
2557 3278 2689 3341 fere

737 3384 1093 3465 opinantur,
1133 3382 1323 3444 multi
1347 3391 1827 3464 conqueruntur,
1872 3383 2049 3446 nulla
2073 3403 2181 3466 spe
2206 3383 2449 3446 animos
2473 3404 2689 3446 eorum

741 3489 1054 3569 erigente:
1126 3487 1249 3548 nisi
1301 3485 1465 3549 forte
1516 3507 1696 3550 mora
1735 3508 1947 3551 annua
1990 3488 2092 3553 vel
2138 3488 2443 3570 ampliore
2490 3489 2689 3550 fames

739 3600 1072 3674 expugnet.
1207 3589 1464 3652 Etenim
1517 3589 1763 3670 gladiis,
1815 3593 2065 3665 lanceis,
2117 3591 2473 3666 missilibus,
2524 3591 2688 3654 nihil

737 3698 1000 3778 geritur,
1040 3694 1201 3756 nihil
1241 3694 1584 3774 gerendum
1632 3703 1933 3776 speratur.
2014 3695 2181 3758 Item
2227 3715 2429 3777 neque
2469 3697 2686 3770 ariete,

739 3821 938 3882 neque
970 3807 1303 3872 tormentO,
1342 3800 1656 3860 caeterisve
1682 3800 2116 3862 instrumentis
2138 3798 2397 3862 bellicis·
2481 3798 2687 3880 Siqui-

741 3905 884 3966 dem
905 3904 1073 3966 locus
1098 3903 1354 3965 omnino
1374 3902 1896 3965 machinamentis
1911 3903 2305 3983 importunus
2320 3910 2475 3964 erat.
2556 3901 2687 3964 Ve-

740 4028 882 4069 rum
927 4007 1367 4088 magnanimus
1412 4005 1636 4068 ductor
1679 4004 2043 4069 Willelmus
2085 4014 2270 4086 urget
2326 4005 2686 4087 incoeptum,

741 4110 1042 4194 praecipit,
1084 4110 1394 4186 hortatur,
1436 4108 1769 4170 confirmat
1795 4107 2162 4183 diffidentes,
2204 4109 2419 4171 laetum
2445 4110 2683 4172 exitum

741 4216 1086 4301 pollicetur.
1168 4213 1306 4276 Nec
1331 4212 1532 4276 multo
1555 4215 1857 4295 temporis
1883 4214 2214 4276 intervallo
2241 4216 2416 4277 dubii
2448 4215 2683 4277 sedent.

743 4321 845 4383 En
875 4319 1086 4381 solerti
1112 4319 1368 4381 consilio
1387 4319 1579 4399 ipsius
1597 4320 1813 4400 injecti
1833 4320 2009 4402 ignes
2026 4328 2299 4384 castrum
2318 4324 2682 4406 corripiunt.
