3192 5050
836 657 991 706 W'ID.
1034 657 1317 706 CARMEN
1356 659 1449 706 DE
1488 653 1864 706 HAsTINGAE
1905 655 2196 706 PROELIO.

712 797 878 864 Cum
898 821 1075 864 mare
1102 809 1481 885 postponens
1507 801 1700 864 litora
1723 809 1867 863 tuta-
1891 809 2087 864 tenes.

628 903 689 967 E
716 906 871 968 coelo
895 907 1146 988 fulgens
1173 917 1431 970 extenso
1456 907 1632 968 crine
1657 914 1932 967 cometes

710 1009 939 1091 Anglis
956 1011 1231 1072 fatatum
1251 1012 1515 1072 nunciat
1538 1011 1875 1072 excidium.

624 1110 867 1176 Debita
888 1123 1064 1176 terra
1086 1115 1210 1176 tibi
1236 1115 1483 1197 pavidis
1500 1115 1745 1176 nudata
1769 1113 2006 1176 colonis

708 1214 889 1278 Laeta
914 1219 1055 1279 sinu
1081 1218 1332 1300 placido
1356 1227 1543 1300 teque
1570 1225 1834 1299 tuosque
1861 1217 2051 1298 capit.

624 1317 765 1381 Rex
786 1321 1108 1384 Heraldus
1127 1324 1298 1383 enim
1326 1321 1664 1384 sceleratus
1691 1323 1774 1383 ad
1800 1321 2030 1383 ultima
2053 1328 2258 1395 terrm,

709 1423 957 1487 Fratris
977 1427 1058 1488 ad
1086 1427 1371 1499 exitium,
1400 1425 1642 1508 perfida
1665 1425 1800 1486 tela
1824 1433 2027 1506 parat.

628 1527 779 1590 Non
806 1531 1119 1592 modicam
1146 1531 1329 1612 regni
1356 1537 1604 1612 partem
1630 1549 1784 1592 nam
1809 1529 2010 1591 frater
2034 1530 2318 1612 adeptus,

708 1632 906 1696 Tecta
930 1633 1127 1697 dabat
1153 1633 1429 1696 fiammis
1456 1641 1523 1696 et
1548 1631 1779 1716 gladiis
1803 1633 2124 1715 populum.

628 1734 843 1798 Marte
868 1737 987 1799 sub
1012 1739 1300 1820 opposito
1324 1755 1581 1799 currens
1605 1735 1930 1799 Hei-aldus
1955 1735 2022 1798 in
2051 1736 2262 1798 hostes

709 1837 859 1902 Non
880 1842 1101 1903 timuit
1126 1840 1343 1903 fratris
1358 1843 1613 1903 tradere
1638 1842 1926 1902 membra
1943 1842 2102 1902 neci.

628 1941 815 2004 Alter
839 1945 906 2004 in
934 1944 1313 2006 alterutrum
1334 1944 1475 2026 plus
1502 1963 1694 2025 quam
1721 1943 1906 2006 civile
1925 1945 2173 2026 peregit

707 2047 959 2110 Bellum
981 2069 998 2124 3
1039 2049 1149 2110 sed
1166 2051 1389 2124 victor,
1408 2050 1568 2131 proh
1594 2049 1810 2112 dolor!
1853 2051 1986 2130 ipse
2012 2048 2154 2109 fuit.

629 2150 891 2215 Invidus
919 2153 1027 2215 ille
1054 2153 1218 2216 Cain
1242 2153 1461 2216 fratris
1486 2161 1678 2234 caput
1703 2159 1996 2234 amputat
2019 2173 2188 2226 ense,

706 2255 795 2317 Et
820 2262 1010 2338 caput
1029 2265 1095 2319 et
1114 2277 1337 2338 corpus
1356 2258 1445 2320 sic
1471 2256 1761 2338 sepelivit
1785 2256 1999 2317 humo.

632 2359 752 2422 Nae
779 2363 900 2422 tibi
926 2361 1239 2444 praevidit,
1266 2362 1375 2443 qui
1400 2361 1622 2422 debita
1646 2381 1846 2442 regna
1871 2361 2140 2442 subegit,

708 2461 1009 2527 Criminis
1033 2465 1249 2527 infesti
1276 2472 1584 2547 quatenus
1611 2463 1783 2527 ultor
1807 2483 1932 2527 eas.
2183 2485 2192 2494 ·

628 2567 881 2632 Littora
906 2570 1279 2644 custodiens,
1306 2578 1595 2631 metuens
1621 2571 1917 2631 amittere
1943 2589 2152 2645 naves,

708 2670 1028 2737 Moenibus
1054 2682 1121 2735 et
1142 2674 1373 2748 munis,
1402 2682 1730 2755 castraque
1757 2675 1938 2755 ponis
1959 2674 2047 2735 ibi
2069 2696 2085 2736 ε

629 2774 869 2838 Diruta
884 2797 1020 2859 quae
1044 2776 1300 2839 fuerant
1325 2777 1565 2838 dudum
1593 2776 1856 2838 castella
1881 2778 2220 2854 reformas3

704 2878 897 2941 Ponis
922 2881 1209 2942 custodes
1234 2887 1309 2941 ut
1332 2887 1637 2941 tueantur
1655 2898 1748 2940 ea.

627 2980 696 3045 N
695 3002 777 3045 on
805 2984 1009 3045 multo
1036 2985 1245 3067 spacio
1269 2994 1385 3046 tua
1408 3002 1582 3066 genS,
1611 2984 1720 3045 sed
1745 3004 1898 3066 pace
1925 2986 2149 3067 potita,

704 3085 965 3149 Invadit
982 3094 1243 3162 terram,
1270 3094 1481 3150 vastat
1508 3094 1575 3149 et
1602 3088 1750 3169 igne
1779 3096 2053 3150 cremat:

626 3189 766 3252 Nec
792 3192 1027 3251 mirum
1051 3212 1065 3251 ε
1108 3212 1323 3272 regem
1352 3192 1501 3271 quia
1525 3199 1592 3252 te
1620 3191 1796 3273 plebs
1823 3193 2020 3253 stulta
2048 3194 2345 3276 negabat,

702 3293 878 3377 Ergo
896 3294 1063 3376 perit
1081 3297 1269 3376 juste,
1288 3295 1469 3357 vadit
1490 3302 1561 3357 et
1586 3295 1668 3356 ad
1695 3296 1986 3358 nihilum.

624 3397 725 3459 Ex
752 3398 982 3480 Anglis
1008 3418 1187 3473 unua,
1215 3399 1479 3461 latitans
1498 3398 1615 3459 sub
1641 3418 1796 3480 rupe
1822 3402 2090 3476 marina,

705 3500 927 3565 Cernit
952 3510 1026 3563 ut
1050 3500 1277 3563 effusas
1302 3503 1666 3563 innumeras
1691 3503 1874 3577 acieS,
2045 3540 2052 3545 -

620 3604 709 3667 Et
736 3606 905 3687 quod
942 3606 1083 3687 agri
1108 3606 1359 3687 fulgent
1384 3604 1557 3686 pleni
1584 3606 1981 3669 radiantibus
2007 3610 2222 3683 armis,

700 3708 995 3771 Vulcano
1021 3706 1297 3771 flammis
1323 3708 1746 3789 depopulante
1773 3711 2010 3786 domOS,

625 3812 915 3875 Perfidiae
939 3820 1197 3895 gentem
1226 3812 1395 3873 ferro
1419 3812 1772 3875 bacchante
1801 3818 2026 3896 perire,

705 3915 995 3997 Quasque
1022 3916 1263 3977 dabant
1288 3915 1583 3977 lacrimas
1609 3918 1776 3977 caede
1803 3927 2058 4000 patrum
2080 3924 2280 4003 pueri,

628 4020 940 4083 Scandere
968 4020 1167 4081 currit
1192 4038 1424 4100 equum
1446 4040 1463 4093 ;
1502 4019 1767 4083 festinat
1794 4024 2004 4087 dicere
2031 4030 2186 4109 regi.

701 4124 840 4187 Rex
864 4123 1033 4184 redit
1059 4142 1101 4183 a
1124 4122 1293 4184 bello
1317 4125 1579 4205 praemia
1603 4124 1752 4187 laeta
1770 4128 1994 4191 ferens.

624 4226 689 4288 N
692 4228 913 4288 uncius
938 4226 1246 4298 occurrit3
1292 4245 1429 4307 quae
1452 4225 1596 4302 fert,
1625 4230 1744 4292 hoc
1771 4233 1839 4292 in
1867 4236 2088 4297 ordine
2117 4240 2342 4319 pandit
2371 4261 2387 4301 ε

700 4336 735 4363 “
760 4329 917 4403 Rex,
944 4329 1068 4389 tibi
1088 4348 1203 4409 pro
1230 4338 1404 4390 certo
1430 4333 1665 4395 nuncia
1691 4335 1832 4398 dira
1857 4338 2010 4401 fere.

2065 4462 2111 4506 D
2150 4446 2190 4507 2

2439 639 2520 704 31
