3192 5050
781 614 1001 662 essm
1041 611 1395 661 wunsam
1435 612 1641 659 nucls
1682 610 2236 660 ΝοΒΜΑΝΝοΒυΜ.
2367 596 2485 661 101

531 779 649 839 pus
691 777 960 838 eousque
998 756 1321 838 compulit,
1369 764 1442 818 ut
1488 758 1554 817 in
1597 755 2034 817 remotissimis
2083 754 2151 817 N
2150 756 2497 819 ormanniae

533 862 818 942 partibus
844 861 965 922 sibi
991 879 1216 920 manus
1241 860 1627 940 perdomitas
1663 859 1863 933 daret,
1904 857 2282 921 fidelitatem
2311 879 2499 941 quam

535 964 786 1027 satelles
811 964 1067 1026 domino
1094 964 1301 1036 debet,
1323 967 1562 1045 jurans.

617 1066 894 1129 Rursum
921 1086 1072 1148 pace
1105 1066 1329 1140 soluta,
1371 1087 1482 1129 rex
1509 1067 1875 1147 ignominiae
1901 1086 2028 1127 suae
2066 1067 2272 1147 magis
2310 1086 2501 1147 quam

537 1171 906 1232 detrimenti
964 1171 1286 1251 requirens
1351 1169 1679 1242 ultionem,
1748 1176 2053 1230 renovata
2104 1169 2503 1250 expeditione

540 1272 1008 1336 Normanniam
1028 1273 1417 1355 aggreditur,
1434 1273 1713 1334 exercitu
1731 1280 1948 1334 coacto
1962 1272 2211 1352 copioso
2230 1273 2505 1353 quidem,

537 1386 604 1439 et
649 1379 860 1439 minus
907 1397 1100 1459 quam
1143 1384 1334 1439 antea
1381 1377 1668 1437 immani.
1752 1374 1964 1456 Regni
2008 1375 2315 1456 siquidem
2372 1381 2507 1458 ejus

539 1502 685 1563 pars
737 1480 1009 1563 amplior
1062 1479 1306 1553 funera,
1358 1480 1489 1542 sive
1542 1479 1905 1541 indecoram
1958 1478 2197 1560 fugam,
2251 1501 2506 1543 suorum

539 1586 762 1666 lugens
781 1593 895 1647 aut
921 1585 1173 1657 timens,
1200 1584 1283 1645 ad
1309 1583 1699 1645 redeundum
1726 1602 1911 1664 super
1936 1600 2050 1644 nos
2073 1584 2284 1645 minus
2309 1606 2510 1667 prona

541 1697 698 1761 erat,
767 1707 1128 1769 quanquam
1187 1686 1484 1749 vindictae
1536 1687 1605 1747 in
1664 1706 1780 1749 nos
1844 1684 2033 1767 longe
2088 1686 2509 1768 cupidissima.

546 1790 906 1864 Martellus,
954 1790 1450 1871 Andegavensis,
1496 1788 1777 1850 nondum
1819 1795 1919 1849 tot
1960 1789 2229 1850 sinistris
2264 1792 2512 1855 casibus

542 1895 800 1969 fiactuS,
838 1894 1102 1955 minime
1137 1893 1358 1967 defuit,
1399 1901 1708 1973 quantum
1735 1891 2051 1954 ullatenus
2076 1893 2309 1954 virium
2337 1895 2513 1958 colli-

541 2017 692 2077 gere
729 1996 958 2078 potuit,
985 1995 1316 2057 adducens.
1398 1994 1534 2056 Vix
1569 1995 1741 2056 enim
1771 1993 1960 2074 hujus
2002 1994 2247 2056 inimici
2293 1997 2509 2059 odium

545 2108 612 2162 et
647 2099 890 2161 rabiem
920 2097 1335 2161 Normanniae
1361 2096 1549 2159 tellus
1583 2098 1835 2179 penitus
1860 2104 2123 2161 contusa
2163 2098 2265 2160 vel
2308 2102 2515 2163 excisa

546 2205 830 2266 satiaret.
913 2201 1184 2264 Famam
1230 2210 1448 2263 tamen
1485 2201 1582 2261 sui
1627 2206 1858 2273 motus,
1898 2208 2207 2280 quantum
2233 2212 2513 2284 potuere,

547 2306 954 2379 occultantes,
994 2324 1076 2365 ne
1103 2303 1434 2367 confestim
1461 2303 1530 2363 in
1557 2304 1693 2384 ipso
1719 2304 2005 2384 ingressu
2030 2304 2219 2367 obvio
2244 2327 2515 2389 propug-

548 2419 792 2484 natore,
819 2430 1007 2491 quem
1027 2410 1273 2489 experti
1293 2415 1458 2480 sunt,
1485 2405 1975 2488 repellerentur:
2022 2408 2166 2470 citis
2184 2409 2517 2474 itineribus

548 2537 663 2599 per
719 2513 1122 2578 Oximensem
1180 2511 1572 2576 comitatum
1634 2510 1716 2572 ad
1768 2509 2035 2574 fluvium
2086 2510 2323 2576 Divam
2376 2537 2518 2599 per-

549 2638 797 2691 venere,
876 2615 1096 2679 hostili
1162 2615 1560 2677 immanitate
1628 2633 1742 2696 per
1805 2615 2148 2676 transitum
2212 2619 2517 2700 populati.

556 2719 781 2801 Neque
810 2719 941 2781 illic
981 2727 1095 2781 aut
1134 2718 1418 2781 converti
1458 2716 1718 2799 plaeuit,
1758 2726 1872 2780 aut
1910 2720 2249 2784 consistere
2288 2721 2522 2788 fiducia

550 2824 692 2886 fuit.
773 2822 1034 2885 Etenim
1078 2824 1133 2885 si
1173 2823 1654 2904 permitteretur
1701 2822 1967 2887 ulterius
1991 2828 2306 2908 progredi,
2347 2830 2521 2910 quali

555 2947 632 2988 eo
651 2933 1027 3007 perventum
1053 2933 1150 2987 est
1176 2945 1378 2998 cursu,
1405 2931 1472 2987 et
1498 2926 1587 2986 sic
1613 2925 1680 2984 in
1710 2923 2051 2990 Franciam
2079 2929 2225 2991 dein
2248 2932 2519 2994 evadere

552 3028 928 3102 incolumes3
970 3029 1284 3110 praeclarae
1330 3027 1517 3090 famae
1556 3029 1947 3092 occasionem
1988 3033 2111 3094 sibi
2157 3036 2519 3115 promisere,

553 3133 721 3214 quod
748 3131 1069 3194 Willelmi
1113 3129 1182 3194 N
1182 3133 1476 3193 ormanni
1510 3139 1749 3193 terram
1786 3135 1869 3194 ad
1900 3135 2082 3197 littus
2108 3157 2303 3220 usque
2330 3142 2521 3202 mari-

553 3255 710 3296 num
727 3235 895 3297 ferro
910 3235 1180 3315 igneque
1196 3235 1606 3307 vastaverint,
1623 3237 1875 3298 nemine
1892 3238 2253 3315 obsistente,
2270 3244 2523 3305 nemine

556 3339 943 3417 insequente.
1024 3335 1272 3397 Verum
1311 3356 1390 3397 ea
1414 3355 1571 3416 SPeS,
1617 3344 1690 3397 ut
1733 3337 1848 3399 illa
1894 3340 2229 3419 quondam,
2254 3343 2525 3408 fefellit.

562 3437 739 3500 Nam
767 3439 919 3498 dum
947 3437 1031 3499 ad
1055 3437 1289 3499 vadum
1318 3435 1503 3499 Divae
1527 3448 1951 3514 morarentur,
1992 3447 2355 3525 supervenit
2394 3448 2526 3530 ipse

558 3541 768 3604 alacer
819 3561 964 3602 cum
1020 3541 1250 3620 exigua
1299 3559 1495 3601 manu
1545 3542 1827 3604 virorum
1890 3543 2060 3607 felici
2112 3547 2287 3610 hora.
2369 3550 2529 3615 Pars

557 3645 871 3707 exercitus
909 3647 1046 3724 jam
1067 3641 1303 3704 fiumen
1332 3663 1474 3705 cum
1501 3665 1651 3726 rege
1678 3648 2036 3711 transierat.
2118 3649 2208 3713 Et
2234 3673 2377 3716 ecce
2403 3655 2527 3718 for-

560 3749 840 3811 tissimus
865 3747 1098 3809 vindex
1123 3747 1191 3807 in
1218 3746 1497 3809 residuos
1524 3748 1789 3824 insiluit,
1836 3752 2064 3815 cecidit
2109 3756 2527 3837 populatores,

561 3871 818 3934 parcere
839 3849 1158 3931 flagitium
1188 3850 1466 3926 credens,
1507 3872 1653 3913 cum
1680 3855 1903 3934 patriae
1922 3858 2215 3920 sauciatae
2241 3861 2401 3924 adeo
2420 3885 2529 3926 ne-

565 3955 837 4015 cessaria
861 3973 1052 4016 causa.
1078 3961 1394 4034 ageretur,
1422 3954 1828 4018 infestissimo
1853 3958 2032 4020 hoste
2059 3961 2126 4021 in
2154 3963 2364 4026 medio
2390 3968 2531 4029 sinu

565 4060 619 4138 ej
627 4078 699 4119 us
762 4057 1166 4139 deprehenso.
1269 4055 1450 4119 Citra
1503 4077 1735 4139 aquam
1788 4061 2141 4146 intercepti,
2212 4068 2279 4128 in
2334 4072 2531 4134 oculis

565 4163 758 4243 regiis
783 4161 914 4224 fere
941 4161 1154 4224 cuncti
1174 4159 1340 4224 ferro
1367 4161 1748 4238 ceciderunt,
1775 4174 2008 4246 praeter
2029 4171 2135 4251 qui
2162 4191 2293 4235 sese
2314 4174 2531 4256 ingur-
