3192 5050
1248 581 1499 648 snavm
1540 597 1858 646 Rama-10.
2497 583 2538 642 9

566 749 713 806 tum
738 742 1057 824 temporis,
1085 762 1345 804 uxorem
1392 761 1573 805 suam
1599 741 1680 803 de
1723 738 2126 804 Normannia
2139 740 2209 802 in
2230 737 2538 820 Angliam

566 846 786 909 venire
811 845 983 920 feeit,
1003 853 1194 927 atque
1220 846 1509 928 reginam
1535 865 1616 906 ex
1645 843 1984 908 comitissa
2007 863 2140 906 esse
2163 844 2498 906 constituit
2519 863 2536 918 3

569 948 805 1030 illaque
824 953 961 1031 jam
982 950 1208 1031 regina
1232 948 1445 1010 filium
1472 950 1716 1031 genuit,
1743 968 1932 1030 quem
1951 947 2308 1010 Hem-icum
2323 947 2538 1010 vocari

567 1052 741 1115 fecit.
826 1052 1223 1136 Quapropter
1250 1100 1265 1127 ,
1294 1053 1459 1116 sicut
1494 1061 1714 1135 postea
1737 1053 1928 1115 multi
1955 1054 2270 1128 dixerunt,
2293 1056 2538 1135 justum

572 1156 698 1218 fuit
739 1166 813 1219 ut
856 1159 990 1240 ipse
1032 1178 1147 1220 rex
1170 1157 1427 1240 Angliss
1465 1165 1610 1240 post
1633 1166 1884 1240 patrem
1911 1179 2094 1220 suum
2115 1165 2278 1220 esset
2309 1159 2421 1239 qui
2459 1158 2538 1219 de

571 1269 753 1342 patre
772 1281 923 1342 rege
950 1269 1019 1323 et
1060 1261 1140 1322 de
1185 1269 1393 1323 matre
1429 1262 1656 1342 regina
1693 1262 1946 1343 genitus
1971 1262 2304 1324 extitisset.
2387 1260 2542 1324 Post

572 1363 706 1426 haec
723 1373 937 1426 autem
948 1362 1323 1428 Willelmus
1338 1385 1467 1426 non
1482 1365 1820 1428 immemor
1831 1385 2022 1447 quam
2040 1365 2538 1430 misericordiam

574 1466 653 1529 de
699 1487 899 1549 regno
938 1467 1195 1550 Angliss
1236 1469 1359 1530 sibi
1386 1467 1703 1530 Dominus
1727 1468 1994 1544 fecisset,
2021 1471 2346 1552 cogitarit,
2373 1469 2542 1550 quod

574 1567 1121 1633 Dorobernensem
1164 1570 1491 1633 ecclesiam
1534 1572 1605 1632 in
1632 1572 1870 1634 honore
1899 1571 2141 1635 Christi
2165 1573 2250 1634 ab
2277 1573 2541 1653 antiquo

576 1679 859 1754 tempore
884 1681 1337 1748 constructam,
1365 1693 1503 1755 quae
1522 1675 1953 1756 principatum
1998 1683 2066 1736 et
2091 1676 2542 1738 auctoritatem

576 1793 763 1857 super
780 1796 999 1838 omnes
1024 1776 1317 1839 ecelesias
1342 1777 1597 1858 Angliae
1621 1778 1904 1852 tenebat,
1949 1778 2292 1840 seeundum
2317 1777 2543 1840 volun·

578 1886 779 1942 tatem
821 1879 949 1944 Dei
974 1881 1355 1963 disponeret.
1436 1880 1718 1944 Proinde
1751 1901 1882 1943 non
1903 1901 2128 1963 parum
2143 1882 2430 1964 cogitans
2457 1901 2541 1943 an

578 1981 647 2042 in
662 2003 859 2064 regno
878 2003 992 2046 suo
1006 1984 1290 2046 invenire
1306 1992 1531 2066 posset,
1546 1985 1652 2046 cui
1661 1983 2207 2048 Dorobernensem
2215 1984 2542 2046 ecelesiam

490 2071 503 2078 ’
578 2084 823 2147 utiliter
863 2087 1311 2161 committeret,
1352 2088 1614 2150 tandem
1659 2088 1906 2149 invenit
1933 2085 2364 2149 Laui-'rancum
2407 2087 2543 2150 Ab·

578 2187 793 2250 batem
820 2189 1091 2252 coenobii
1116 2187 1339 2252 Sancti
1363 2188 1674 2272 Stephani
1703 2179 2108 2254 cadomensis
2121 2190 2333 2252 virum
2358 2189 2545 2251 valde

580 2289 942 2371 religiosum
968 2300 1037 2354 et
1062 2293 1241 2354 omni
1266 2293 1587 2374 probitate
1613 2293 2038 2374 conspicuum,
2063 2298 2130 2354 et
2171 2311 2300 2353 non
2343 2291 2546 2354 solum

581 2392 660 2456 de
685 2394 787 2456 his
812 2414 950 2476 quae
970 2395 1054 2457 ad
1070 2395 1471 2459 honestatem
1490 2404 1559 2458 et
1580 2397 1665 2459 ad
1690 2395 2040 2460 Dominum
2067 2394 2408 2477 pertinent,
2436 2395 2547 2456 sed

580 2498 777 2561 etiam
830 2499 910 2561 de
962 2498 1063 2563 his
1116 2519 1255 2581 quse
1310 2499 1636 2563 saecularia
1679 2500 2010 2582 requirunt
2053 2498 2432 2582 prudentem
2479 2506 2549 2562 et

583 2610 860 2665 cautum.
943 2601 1221 2665 Mittens
1266 2604 1483 2685 itaque
1534 2605 1604 2665 in
1663 2601 2130 2667 Normanniam
2181 2602 2336 2665 fecit
2398 2623 2546 2665 eum

579 2705 799 2767 venire
837 2706 907 2766 in
934 2704 1263 2786 Angliam,
1288 2706 1472 2788 eique
1510 2726 1816 2771 consensu
1855 2714 1924 2768 et
1957 2706 2219 2769 consilio
2259 2707 2548 2769 omnium

582 2808 890 2871 baronum
942 2828 1219 2884 suorum,
1266 2811 1552 2873 omnium
1595 2811 2029 2892 episcoporum
2084 2818 2154 2872 et
2197 2810 2547 2885 Abbatum,

584 2912 904 2992 totiusque
955 2911 1175 2993 populi
1218 2912 1581 2994 Anglorum
1625 2914 1946 2975 commisit
1997 2912 2544 2976 Dorobernensem

580 3014 929 3089 eeclesiam,
953 3024 1029 3077 ut
1052 3036 1197 3079 eam
1222 3018 1387 3080 sicut
1430 3016 1660 3080 melius
1683 3024 1894 3099 posset
1917 3023 1986 3078 et
2011 3017 2202 3079 sciret
2227 3017 2548 3079 secundun

579 3117 976 3180 voluntatem
996 3117 1124 3183 Dei
1148 3128 1217 3181 et
1232 3120 1581 3183 utilitatem
1609 3120 1830 3201 plebis,
1855 3122 2034 3201 eujus
2051 3139 2270 3181 euram
2291 3121 2548 3201 suscipi-

580 3221 750 3296 ebat,
801 3229 1071 3303 regeret.
1178 3222 1382 3305 Quam
1451 3224 1700 3285 utiliter
1743 3243 1896 3286 vero
1968 3224 2170 3305 ipsam
2217 3223 2544 3285 ecclesiam

579 3325 965 3406 gubernavit
1002 3326 1305 3407 quamdiu
1330 3327 1515 3401 vixit,
1542 3334 1610 3388 et
1635 3334 1944 3408 quantum
1989 3326 2060 3386 in
2088 3329 2224 3407 ejus
2260 3334 2546 3408 tempore

580 3429 719 3510 ipsa
742 3427 1007 3491 eeclesia
1024 3436 1121 3491 est
1148 3428 1419 3503 elevata,
1444 3449 1585 3511 quae
1601 3450 1717 3511 per
1742 3429 2053 3491 incuriam
2081 3436 2546 3492 antecessorum

578 3551 708 3594 non
733 3531 1086 3615 paullulum
1112 3540 1255 3594 erat
1272 3531 1419 3595 vilis
1442 3539 1511 3594 et
1536 3532 1784 3614 deJecta
1822 3540 1890 3594 et
1935 3531 2067 3594 fere
2113 3533 2192 3597 ad
2241 3552 2546 3614 magnam

580 3635 861 3716 inopiam
887 3635 1163 3709 redacta,
1184 3653 1403 3698 omnes
1422 3635 1531 3716 qui
1548 3642 1706 3697 tunc
1730 3634 1990 3698 fuerunt
2014 3643 2345 3699 noverunt.

661 3736 903 3800 Praeter
955 3738 1089 3801 haec
1142 3745 1357 3800 autem
1400 3757 1529 3800 non
1576 3744 1676 3800 est
1719 3738 1974 3801 silentio
2015 3739 2544 3821 praetereundum,

579 3860 773 3923 quam
797 3841 1013 3923 largus
1031 3840 1157 3903 fuit
1182 3849 1249 3903 et
1266 3861 1421 3923 erga
1437 3841 1726 3904 homines
1751 3841 1945 3903 seculi
1969 3850 2038 3904 et
2063 3862 2217 3924 erga
2239 3862 2546 3925 pauperes

581 3942 840 4017 Christi,
878 3952 947 4006 et
990 3944 1302 4026 quomodo
1344 3944 1477 4026 ipse
1502 3943 1791 4025 exemplo
1817 3964 1943 4007 suae
1967 3944 2288 4027 largitatis
2309 3946 2546 4009 multos

578 4047 649 4109 in
670 4046 911 4129 Anglia
928 4048 1011 4110 ad
1026 4048 1486 4129 eleemosynam
1500 4047 1806 4111 accendit.
1889 4048 2158 4131 Propter
2176 4050 2543 4133 largitatem

578 4150 793 4231 itaque
846 4151 1049 4213 animi
1074 4154 1208 4233 ejus
1226 4151 1523 4214 dicebant
1549 4150 1808 4232 quidam
1833 4153 2064 4216 merito
2081 4172 2226 4217 eum
2245 4161 2540 4217 vocatum
