3192 5050
878 582 1097 631 essu
1139 580 1490 629 WILLELMI
1530 581 1739 631 nuc1s
1778 580 2331 631 bromosum.
2516 565 2599 629 95

614 725 926 787 militibus
943 744 1275 787 numerum
1294 726 1556 787 auxisse.
1640 724 1917 788 Reverso
1937 725 2084 787 dein
2106 725 2190 787 ad
2204 724 2596 788 obsidionem

616 827 815 904 Duce,
837 837 902 891 et
921 828 1196 911 qualiter
1220 828 1423 890 otium
1439 827 1697 909 aliquod
1714 830 2058 912 jocundum
2084 829 2389 891 celebrari
2417 828 2595 911 solet,

614 935 682 993 in
710 935 1036 1013 procinctu
1064 932 1439 1015 aliquandiu
1465 940 1737 1006 morato,
1775 932 1965 993 famis
2004 932 2351 995 acrimonia
2375 932 2597 995 suevius

613 1043 682 1097 et
719 1037 953 1098 arctius
1003 1057 1198 1117 quam
1244 1037 1438 1099 armis
1481 1056 1714 1117 urgens
1759 1055 1953 1117 prope
2001 1038 2137 1117 jam
2184 1036 2594 1117 expugnavit.

613 1138 756 1203 Rex
779 1140 984 1201 denuo
1000 1141 1237 1201 accitus
1267 1139 1472 1201 multo
1493 1152 1560 1203 et
1580 1140 1809 1201 misere
1830 1138 2099 1219 supplici
2118 1140 2361 1213 nuntio,
2378 1140 2595 1202 venire

614 1244 874 1305 abnuit:
902 1244 1288 1322 superiorem
1308 1263 1524 1305 casum
1543 1251 1863 1322 reputanS,
1891 1242 2097 1323 magis
2116 1260 2340 1321 aspera
2363 1241 2595 1323 magis-

614 1366 734 1428 que
761 1348 1186 1427 ignominiosa
1209 1356 1520 1409 metuens.
1606 1344 1826 1408 Cernit
1860 1344 2121 1405 tandem
2146 1345 2596 1425 angustiarum

612 1450 794 1513 oculo
816 1449 1027 1531 Papiae
1052 1458 1272 1531 partus
1291 1450 1579 1529 rapiendi
1604 1456 1827 1511 contra
1862 1448 2186 1509 dominum
2214 1468 2397 1509 suum
2422 1449 2595 1527 prin-

614 1553 859 1631 cipatus
885 1555 1246 1633 cupidinem
1286 1553 1719 1615 malesuadam
1768 1570 1922 1623 esse,
1970 1559 2433 1613 sacramentum
2481 1560 2595 1613 aut

563 1667 566 1670 '
613 1652 805 1717 fidem
845 1656 1102 1730 violare,
1131 1666 1204 1718 ut
1243 1658 1552 1739 iniquum,
1592 1658 1681 1718 sic
1719 1654 2087 1737 plerumque
2128 1656 2552 1735 perniciosum

613 1759 786 1837 pacis
810 1779 1042 1820 nomen
1062 1759 1367 1821 blandum
1389 1767 1454 1820 et
1471 1758 1671 1831 dulce,
1692 1780 1827 1821 rem
1846 1761 2048 1841 ipsam
2068 1760 2351 1841 profecto
2369 1762 2594 1841 jucun-

615 1862 762 1923 dam
805 1870 872 1923 et
907 1862 1268 1925 salutarem.
1349 1860 1639 1924 Damnat
1676 1862 1811 1945 ipse
1857 1883 1986 1944 prae
2035 1864 2281 1925 cunctis
2322 1864 2592 1925 nimium

613 1966 821 2026 audax
867 1966 1230 2045 incoeptum,
1277 1966 1822 2027 dementissimum
1868 1966 2221 2040 consilium,
2270 1968 2592 2028 ruinosum

613 2067 872 2131 factum.
955 2068 1150 2131 Dolet
1166 2076 1486 2130 armatum
1505 2090 1568 2130 se
1591 2070 1659 2128 in
1681 2070 1873 2130 arctis
1893 2070 2148 2131 arctari.
2232 2067 2595 2147 Impetrant

607 2171 1030 2250 supplicantes
1055 2173 1441 2233 deditionem
1470 2173 1688 2251 accipi,
1741 2181 1971 2253 praeter
1994 2173 2198 2235 vitam
2223 2172 2387 2233 nihil
2418 2171 2595 2233 aliud

611 2295 812 2355 neque
865 2274 1200 2337 honestum
1255 2294 1458 2355 neque
1511 2276 1671 2337 utile
1727 2278 1917 2357 pacti.
2001 2276 2105 2338 En
2160 2275 2592 2357 spectaculum

612 2380 812 2453 triste,
852 2379 1053 2441 letum
1094 2379 1485 2442 miserabile!
1569 2379 1925 2459 Properant
1967 2378 2140 2439 ultra
2186 2399 2379 2459 quam
2426 2379 2599 2442 vires

613 2481 905 2545 invalidae
929 2482 1271 2557 sufficiant,
1300 2482 1529 2546 famosi
1553 2484 1747 2564 paulo
1776 2491 1925 2546 ante
1955 2484 2203 2565 equites
2237 2504 2383 2547 cum
2426 2481 2597 2546 Nor-

612 2587 862 2647 mannis
892 2587 1159 2649 evadere
1182 2584 1434 2659 Franci,
1461 2606 1588 2648 non
1610 2587 1819 2648 minus
1846 2587 2147 2648 dedecore
2168 2607 2357 2668 quam
2380 2588 2595 2650 inedia

611 2691 955 2751 cervicibus
975 2691 1274 2764 contusiS,
1296 2710 1445 2769 pars
1461 2691 1529 2750 in
1543 2691 1853 2771 jumentis
1868 2689 2193 2764 famelicis,
2210 2711 2347 2772 quae
2359 2692 2594 2771 pedum

613 2813 808 2857 cornu
833 2795 1076 2856 modice
1097 2793 1201 2855 vel
1227 2801 1546 2867 sonarent,
1572 2793 1677 2856 vel
1698 2793 2024 2872 pulverem
2046 2795 2415 2868 excitarent,
2442 2816 2594 2877 pen-

610 2903 865 2962 dentes:
894 2918 1040 2978 pars
1059 2899 1258 2960 ocreis
1282 2905 1348 2958 et
1369 2896 1720 2958 calcaribus
1744 2887 1977 2971 ornati,
2005 2897 2261 2960 insolito
2281 2900 2592 2960 comitatu

609 3004 986 3076 incedentes,
1015 3009 1081 3063 et
1120 3021 1344 3063 eorum
1380 2999 1665 3080 plerique
1690 2999 1913 3062 sellam
1954 3009 2306 3082 equestrem
2333 3003 2598 3064 incurvo

609 3107 1033 3189 languidoque
1054 3105 1258 3178 dorso,
1286 3102 1576 3166 nonnulli
1596 3101 1798 3164 solum
1820 3123 1885 3164 se
1910 3104 2270 3165 nutabundi
2288 3105 2397 3167 vix
2416 3125 2594 3184 epor-

611 3219 840 3274 tanteS.
921 3209 1084 3271 Erat
1109 3211 1266 3279 item
1307 3227 1561 3270 cernere
1589 3205 2025 3268 calamitatem
2052 3207 2209 3270 levis
2250 3217 2596 3270 armaturae

611 3315 994 3397 egredientis
1014 3311 1247 3374 foedam
1268 3332 1342 3373 ac
1359 3311 1625 3374 variam.
1710 3307 2027 3372 Miserans
2042 3310 2393 3373 infortunia
2406 3312 2595 3393 hujus

619 3439 888 3502 quoque,
913 3425 987 3478 ut
1013 3416 1259 3497 pridem
1290 3413 1617 3487 Guidonis,
1638 3411 2015 3476 celebranda
2032 3412 2231 3476 Ducis
2256 3415 2597 3478 clementia

614 3523 818 3584 noluit
844 3527 1160 3582 extorrem
1181 3526 1246 3580 et
1272 3520 1526 3597 inopem
1552 3537 1701 3579 casu
1740 3517 1947 3598 magis
1971 3519 2263 3598 pudendo
2289 3520 2594 3594 cruciari;

613 3627 725 3690 sed
748 3645 893 3688 cum
909 3624 1128 3706 gratia
1145 3629 1210 3684 et
1231 3620 1721 3702 possessionibus
1742 3620 2115 3701 quibusdam
2137 3621 2382 3701 ampIiS,
2400 3629 2591 3704 atque

613 3730 959 3792 multorum
987 3726 1326 3799 redituum,
1354 3724 1633 3804 patriam
1662 3723 1723 3783 ei
1749 3725 2075 3798 concessit,
2114 3726 2435 3788 aestimans
2460 3746 2595 3789 rec-

614 3842 753 3896 tum
781 3833 992 3912 potius
1019 3832 1086 3892 in
1113 3850 1188 3892 eo
1214 3835 1514 3908 patruum
1561 3828 1884 3891 reminisci
1924 3848 2113 3912 quam
2160 3829 2592 3897 adversarium

614 3935 932 3999 insectari.

696 4039 778 4104 In
837 4039 978 4121 ipsa
1028 4056 1210 4100 mora
1266 4034 1644 4098 obsidionali
1699 4032 2217 4099 Normannorum
2280 4037 2593 4119 aliquanti

617 4143 1000 4229 potentiores
1027 4141 1110 4205 ab
1137 4140 1292 4204 duce
1315 4139 1398 4202 ad
1424 4157 1641 4220 regem
1662 4137 2043 4215 defecerunt,
2072 4159 2224 4222 quos
2243 4144 2381 4223 jam
2402 4150 2593 4206 antea
