3192 5050
20 1261 47 1396 *v*
21 1126 30 1212 *⁴

818 501 1038 552 essu
1082 498 1432 548 w1LLnLM1
1474 498 1680 545 nucls
1719 496 2270 546 Noumnonum.
2447 485 2526 552 87

554 647 765 727 primo
792 645 1185 708 abalienaret
1214 641 1533 706 Gaufredo
1572 641 2026 716 Danfrontum‚
2052 652 2194 724 post
2219 645 2530 726 reciperet

555 749 909 810 Alentium.
993 746 1289 810 Ceterum
1316 746 1415 808 sui
1440 745 1666 808 militis
1703 746 1892 808 unius
1929 745 2359 812 fraudulentia
2395 748 2528 812 fere

558 854 824 927 interiit,
851 853 960 934 qui
978 871 1105 914 non
1131 850 1582 912 extimescebat
1608 848 1810 912 latam
1838 847 2240 914 Provinciam
2265 853 2528 916 inimici.

561 956 737 1019 Nam
764 958 887 1019 ubit
902 954 1465 1038 approximabatur
1491 951 1876 1026 Danfronto‚
1917 974 2062 1016 cum
2089 956 2410 1036 equitibus
2434 957 2529 1018 di-

560 1061 755 1122 vertit
783 1059 1262 1141 quinquaginta,
1282 1063 1610 1136 acceptum
1632 1076 1770 1137 quae
1789 1057 2178 1135 stipendium
2199 1069 2528 1140 augerent.

564 1161 799 1224 Prasdae
822 1171 1039 1224 autem
1068 1160 1261 1222 index
1303 1157 1682 1222 castellanis
1719 1159 2000 1239 prodidit
2025 1161 2232 1240 ipsum
2272 1163 2530 1243 quidam

562 1287 642 1328 ex
669 1265 1061 1328 Normannis
1085 1263 1450 1345 majoribus,
1478 1263 1786 1326 intimans
1823 1283 1966 1344 quo,
1993 1273 2108 1326 aut
2133 1285 2246 1326 cur
2271 1267 2438 1341 ierit,
2465 1275 2532 1330 et

563 1387 753 1450 quam
773 1369 990 1448 paucis
1015 1367 1371 1440 comitatus,
1398 1373 1590 1446 atque
1606 1365 1774 1427 hunc
1794 1385 1928 1428 esse
1945 1368 2054 1448 qui
2079 1377 2350 1430 mortem
2367 1369 2533 1452 fugae

557 1471 899 1551 praeferret.
941 1468 1175 1531 Emissi
1192 1468 1561 1550 quantocius
1578 1469 1822 1548 equites
1835 1470 2126 1542 trecenti,
2139 1471 2382 1550 pedites
2397 1493 2534 1556 sep-

557 1575 833 1656 tingenti
842 1575 1277 1654 inopinantem
1296 1592 1337 1634 a
1350 1579 1534 1652 tergo
1550 1571 1882 1634 invadunt.
1923 1570 2156 1636 Pectus
2169 1595 2320 1638 vero
2338 1577 2532 1640 intre-

558 1680 705 1758 pide
732 1679 841 1740 ille
861 1679 1215 1750 obvertens,
1242 1677 1474 1758 deiecit
1499 1675 1698 1738 humo
1738 1696 1926 1757 quem
1958 1677 2224 1740 audacia
2251 1682 2535 1744 maxima

558 1785 835 1863 primum
854 1784 978 1845 sibi
1004 1784 1377 1863 impegerat.
1462 1778 1677 1843 Ceteri
1692 1781 1912 1842 statim
1927 1782 2158 1844 amisso
2183 1783 2424 1864 impetu
2451 1787 2536 1848 ad

558 1888 979 1948 munitionem
1007 1886 1349 1966 refugiunt.
1386 1882 1656 1946 Cursum
1664 1892 1994 1964 promovet
2002 1893 2224 1946 notum
2243 1907 2535 1970 compen-

561 1992 735 2051 dium
745 1991 1042 2052 tramitis.
1082 1988 1203 2050 Ille
1228 1995 1444 2050 autem
1471 2007 1602 2050 non
1620 1988 1794 2068 prius
1819 1988 1904 2050 ab
1929 1988 2318 2052 insecutione
2344 1992 2536 2056 desis-

560 2095 665 2167 tit,
694 2113 882 2174 quam
896 2100 1095 2174 portes
1120 2091 1493 2152 munitionis
1506 2089 1760 2170 fugatos
1775 2091 2075 2172 eripiunt.
2119 2089 2392 2174 Captum
2407 2097 2538 2158 suis

562 2219 759 2260 unum
797 2197 1089 2258 manibus
1155 2195 1441 2257 retinuit.
1550 2192 1680 2255 His
1730 2195 1938 2276 magis
1989 2195 2074 2256 ad
2123 2196 2536 2262 obsidendum

563 2321 875 2373 accensus,
902 2298 1163 2362 castella
1180 2299 1600 2379 circumponit
1617 2305 1905 2378 quatuor.
2030 2297 2316 2362 Celerem
2335 2301 2539 2384 irrup-

564 2406 805 2466 tionem
825 2405 983 2464 situs
1006 2402 1223 2484 oppidi
1248 2400 1609 2482 denegabat
1650 2401 1827 2462 omni
1845 2401 2059 2463 robori
2085 2402 2218 2464 sive
2253 2405 2536 2485 peritiam

565 2528 709 2570 cum
725 2505 1117 2589 scopulorum
1145 2505 1451 2588 asperitas
1475 2504 1722 2586 pedites
1745 2505 1942 2567 etiam
1969 2505 2356 2581 deturbaret,
2383 2529 2538 2590 prae·-

566 2621 667 2674 ter
680 2613 792 2693 qui
811 2612 1095 2699 angustis
1104 2610 1439 2671 itineribus
1448 2609 1690 2671 duobus
1709 2616 1902 2690 atque
1922 2610 2136 2672 arduis
2149 2612 2536 2675 accederent.

569 2716 805 2778 Incolis
832 2716 1201 2797 adjumento
1225 2714 1395 2775 viros
1434 2714 1824 2794 imposuerat
1855 2711 2212 2777 Gaufredus
2251 2717 2540 2781 delectis-

566 2823 773 2883 simos.
866 2818 1357 2901 oppugnatione
1402 2825 1622 2878 tamen
1667 2817 1996 2878 instabant
2037 2818 2130 2881 eis
2179 2818 2540 2885 Normanni

566 2924 949 2987 creberrima
1013 2921 1620 3000 ferventissimaque.
1753 2917 1905 2982 Dux
1964 2922 2098 3002 ipse
2155 2925 2398 3004 primus
2463 2947 2536 2989 ac

568 3028 877 3109 praecipue
924 3023 1229 3086 terribilis
1274 3023 1674 3084 imminebat.
1777 3022 2142 3105 Aliquando
2179 3028 2432 3108 perdius
2472 3008 2564 3092 et⁵

568 3150 811 3212 pernox
834 3128 1143 3210 equitans,
1182 3126 1285 3188 vel
1312 3127 1379 3187 in
1400 3126 1643 3187 abditis
1667 3125 1965 3201 occultus,
2005 3128 2310 3210 explorat,
2350 3134 2404 3193 si
2431 3136 2541 3214 qui

570 3233 972 3296 offendantur
988 3239 1106 3293 ant
1113 3238 1537 3293 commeatum
1559 3230 1985 3303 advectantes,
2001 3240 2114 3293 aut
2133 3233 2202 3295 in
2221 3232 2540 3314 legatione

570 3337 817 3410 directi,
870 3344 983 3396 aut
1034 3333 1511 3415 pabulatoribus
1564 3334 1694 3395 suis
1747 3335 2134 3397 insidiantes.
2228 3334 2414 3412 Saue,
2469 3348 2542 3401 ut

573 3440 893 3523 intelligas
920 3458 1109 3521 quam
1134 3457 1347 3499 secure
1375 3437 1443 3497 in
1458 3444 1646 3498 terra
1662 3437 1880 3499 hostili
1899 3439 2192 3519 agitaret,
2221 3441 2542 3505 interdum

574 3553 859 3607 venatur.
941 3541 1061 3603 Est
1086 3541 1263 3622 regio
1290 3539 1405 3601 illa
1428 3540 1605 3603 silvis
1624 3541 1972 3616 abundans,
1993 3542 2270 3606 ferarum
2292 3546 2544 3609 feracis-

570 3649 768 3710 simis.
882 3644 1064 3727 Saepe
1112 3643 1451 3717 falconum,
1506 3644 1846 3725 saepissime
1900 3646 2273 3728 accipitrum
2326 3650 2543 3713 volatu

574 3752 946 3813 oblectatur.
1029 3747 1183 3811 Non
1208 3747 1333 3809 loci
1356 3745 1712 3821 difficultas,
1745 3757 1860 3809 aut
1884 3750 2128 3811 saevitia
2152 3751 2398 3827 hiemiS,
2427 3776 2543 3817 nec

574 3854 921 3916 adversitas
972 3852 1103 3914 alia
1152 3851 1427 3933 rigidam
1472 3852 1780 3912 virtutem
1833 3853 1916 3914 ab
1961 3854 2286 3917 obsidione
2339 3860 2545 3939 quivit

576 3959 913 4020 dimovere.
1004 3954 1476 4018 Auxiliaturum
1506 3962 1862 4035 expectant,
1889 3964 1956 4017 et
1980 3959 2206 4019 nuntio
2231 3960 2544 4023 advocant

581 4061 957 4124 Mai-tellum
1010 4059 1255 4122 inclusi.
1384 4057 1650 4120 Deferre
1703 4058 2190 4141 haudquaquam
2245 4064 2544 4127 volebant
