3192 5050
674 620 754 682 68
1079 633 1292 678 SCRIP.
1325 629 1567 676 RERUM
1597 630 1788 675 GEST.
1818 628 2172 674 WILLELMI
2200 629 2246 673 Ι.

761 774 1335 858 Religiositandem
1351 774 1474 835 viri
1492 773 1704 834 clerici
1721 779 1787 834 et
1802 771 2098 832 monachi
2117 770 2394 832 collectis
2400 770 2642 831 viribus

678 889 746 943 et
781 880 1025 941 intimis
1062 878 1343 939 sensibus
1379 877 1836 957 processionem
1873 874 2344 946 ordinaverunt,
2383 873 2642 933 honeste

680 985 890 1045 induti
914 1002 1061 1043 cum
1080 980 1366 1042 crucibus
1385 987 1452 1040 et
1476 977 1819 1041 thuribulis
1846 977 1929 1038 ad
1955 985 2240 1038 sanctum
2272 975 2642 1038 Gervasium

679 1092 1129 1169 processerunt.
1187 1082 1277 1144 Et
1297 1083 1577 1144 animam
1600 1083 1768 1162 regis
1793 1082 2132 1142 secundum
2153 1101 2395 1141 morem
2413 1087 2644 1141 sanctae

682 1189 1187 1254 Christianitatis
1212 1186 1355 1249 Deo
1380 1185 2002 1248 commendaverunt.
2068 1185 2248 1246 Tunc
2273 1183 2644 1246 Willelmus

680 1293 1181 1373 archiepiscopus
1190 1291 1394 1371 jussit,
1412 1297 1485 1349 ut
1511 1308 1735 1369 corpus
1755 1291 1888 1368 ejus
1908 1287 2258 1350 Oadomum
2276 1288 2643 1362 deferretur,

681 1398 895 1477 ibique
926 1396 994 1455 in
1033 1393 1297 1455 basilica
1332 1392 1536 1453 sancti
1578 1389 1889 1472 Stephani
1922 1392 2421 1472 protomartyris,
2452 1411 2643 1471 quam

680 1501 814 1581 ipse
866 1497 1251 1568 condiderat,
1298 1494 1742 1557 tumularetur.
1824 1492 2074 1555 Verum
2121 1493 2349 1555 fratres
2388 1496 2538 1574 ejuS,
2579 1502 2646 1555 et

680 1601 954 1683 cognati,
972 1603 1109 1680 jam
1130 1599 1212 1660 ab
1228 1617 1303 1658 eo
1315 1605 1717 1671 recesserant,
1738 1605 1804 1659 et
1819 1618 2037 1659 omnes
2051 1598 2327 1658 ministri
2346 1601 2482 1679 ejus
2499 1617 2644 1658 eum

680 1712 756 1764 ut
780 1703 1142 1773 barbarum,
1182 1700 1471 1781 nequiter
1510 1700 1932 1761 deseruerant.
2017 1699 2207 1761 Unde
2233 1720 2347 1762 nec
2375 1720 2536 1762 unus
2568 1701 2646 1762 de

680 1805 1059 1868 satellitibus
1097 1804 1288 1884 regiis
1317 1810 1423 1863 est
1460 1804 1772 1876 inventus,
1813 1805 1919 1884 qui
1963 1811 2213 1865 curaret
2253 1803 2329 1863 de
2370 1805 2648 1884 exequiis

678 1909 956 1989 corporis
983 1908 1192 1988 ipsius
1278 1905 1454 1966 Tunc
1472 1905 1824 1968 Herluinus
1852 1908 2129 1988 quidam,
2155 1909 2446 1988 pagensis
2461 1928 2648 1989 eques

681 2010 959 2073 naturali
985 2011 1271 2072 bonitate
1297 2017 1706 2090 compunctus
1752 2018 1867 2083 est,
1895 2017 1960 2071 et
1986 2030 2201 2071 curam
2243 2011 2647 2090 exequiarum

680 2135 798 2196 pro
823 2133 1037 2175 amore
1058 2111 1185 2174 Dei
1210 2120 1277 2173 et
1303 2113 1541 2173 honore
1566 2114 1782 2193 gentis
1807 2133 1932 2174 suae
1957 2113 2229 2174 viriliter
2255 2114 2649 2195 amplexatus

679 2225 796 2279 est.
855 2216 1269 2278 Pollinctores
1287 2216 1501 2296 itaque
1523 2223 1590 2276 et
1606 2215 1980 2296 vespiliones
2005 2237 2078 2278 ac
2099 2217 2455 2278 vehiculum
2486 2238 2648 2278 mer-

680 2322 833 2383 cede
870 2321 949 2382 de
990 2321 1259 2401 propriis
1299 2320 1659 2401 sumptibus
1704 2321 2022 2395 conduxit,
2048 2322 2317 2384 cadaver
2354 2323 2522 2403 regis
2567 2323 2651 2382 ad

682 2433 936 2505 portum
970 2422 1276 2504 Sequanae
1303 2423 1573 2496 devexit,
1615 2424 2104 2506 impositumque
2131 2427 2281 2487 navi
2307 2445 2500 2507 usque
2531 2424 2650 2487 Oa-

683 2529 943 2591 domum
970 2548 1084 2608 per
1108 2546 1339 2608 aquam
1367 2534 1433 2587 et
1459 2527 1706 2589 aridam
1732 2530 2045 2609 perduxit.

766 2631 945 2693 Tunc
973 2631 1264 2692 dominus
1293 2629 1686 2693 Gislebertus
1712 2632 1907 2693 abbas
1932 2653 2076 2694 cum
2102 2641 2416 2695 conventu
2434 2652 2651 2695 mona-

671 2733 945 2796 chorum
974 2740 1352 2795 veneranter
1377 2735 1632 2795 obviarn
1661 2734 1893 2796 feretro
1911 2738 2226 2816 processit,
2249 2736 2474 2816 quibus
2493 2734 2651 2796 flens

678 2845 751 2898 et
774 2856 962 2898 orans
980 2836 1323 2898 multitudo
1348 2836 1717 2897 clericorum
1745 2845 1812 2899 et
1836 2837 2142 2899 laicorum
2171 2838 2451 2899 adhaesit.
2524 2836 2652 2899 Sed

682 2960 833 3001 mox
858 2940 1115 3001 sinistra
1136 2939 1391 3002 fortuna
1406 2940 1698 3002 omnibus
1717 2941 1957 3021 pariter
1975 2942 2325 3002 maximum
2345 2948 2650 3001 terrorem

681 3044 1065 3124 propinavit.
1150 3041 1324 3104 Nam
1354 3063 1609 3105 enorme
1647 3044 2008 3105 incendium
2046 3045 2124 3105 de
2164 3045 2436 3125 quadam
2464 3045 2652 3105 domo

684 3149 971 3229 protinus
998 3149 1225 3228 erupit,
1254 3155 1320 3209 et
1346 3149 1687 3210 immensos
1733 3146 2135 3209 flammarum
2161 3147 2383 3228 globos
2410 3155 2652 3209 eructa-

683 3252 799 3324 vit,
853 3270 1279 3332 magnamque
1333 3258 1580 3331 partem
1640 3249 2046 3312 Gadomensis
2101 3249 2302 3332 Burgi
2356 3250 2653 3311 damnose

682 3356 936 3417 invasit.
1022 3352 1256 3417 Omnes
1283 3355 1482 3436 igitur
1518 3355 1602 3416 ad
1629 3356 1844 3436 ignem
1870 3354 2414 3436 comprimendum
2441 3354 2653 3417 clerici

682 3459 1009 3521 cumlaicis
1028 3467 1456 3521 cucurrerunt.
1544 3457 1679 3521 Soli
1705 3479 1856 3520 vero
1880 3459 2177 3520 monachi
2215 3466 2489 3540 coeptum
2519 3456 2653 3519 offi-

677 3564 853 3625 cium
881 3562 1372 3644 compleverunt,
1398 3571 1467 3625 et
1492 3564 1662 3645 regis
1688 3583 1912 3644 corpus
1938 3563 2022 3624 ad
2047 3562 2438 3625 cenobialem
2465 3562 2652 3624 basil-

684 3668 848 3727 icam
876 3665 1215 3747 psallentes
1240 3666 1689 3746 perduxerunt.

764 3768 1054 3850 Denique
1096 3769 1179 3830 ad
1208 3769 1636 3849 sepeliendum
1662 3769 2011 3831 maximum
2038 3767 2283 3830 Ducem
2312 3776 2380 3829 et
2406 3775 2654 3849 patrem

682 3873 909 3954 patriae
934 3874 1302 3954 congregati
1329 3880 1475 3934 sunt
1502 3892 1720 3933 omnes
1746 3874 2021 3953 episcopi
2052 3880 2120 3933 et
2158 3872 2444 3934 Abbates
2487 3869 2655 3932 Nor-

680 3976 990 4036 manniae:
1046 3995 1124 4036 ex
1151 3976 1376 4057 quibus
1402 3976 1485 4037 ad
1511 3976 1810 4038 notitiam
1841 3984 2231 4057 posterorum
2273 3974 2434 4035 libet
2474 3992 2654 4055 quos-

676 4078 835 4139 dam
861 4079 1207 4153 nominare,
1236 4088 1301 4140 et
1328 4081 1622 4160 praesenti
1661 4081 1941 4142 breviter
1966 4081 2033 4140 in
2066 4079 2307 4160 pagina
2335 4078 2654 4139 denotare.

683 4180 1087 4245 Guillielmus
1128 4181 1656 4265 Rothomagensis
1697 4184 2213 4264 archiepiscopus,
2287 4179 2426 4243 Odo
2469 4178 2656 4243 Baio-
