3192 5050
745 638 962 688 ensi-A
1003 638 1351 700 WILLELMI
1391 635 1595 685 nums
1634 628 2181 685 NORMANNORUM.
2358 623 2475 685 129

508 784 656 849 Dux
701 786 982 867 legatum
1028 785 1302 867 hospitio
1358 784 1570 867 recipi,
1632 792 1700 847 et
1750 784 2025 848 officiosa
2076 784 2473 845 humanitate

507 892 714 952 curari
753 891 1067 972 praecepit.
1147 888 1290 971 Ipse
1327 890 1584 950 interim
1622 910 1829 952 secum
1864 896 1933 951 et
1966 908 2110 949 cum
2152 888 2281 950 suis
2322 888 2473 969 quid

504 996 822 1057 mandatis
847 995 1249 1076 responderet
1273 993 1683 1055 deliberabat.

591 1099 670 1162 In
705 1101 978 1162 crastino
1011 1099 1406 1161 discumbens
1445 1099 1512 1159 in
1553 1098 1764 1160 medio
1804 1096 2160 1159 Primatum
2198 1116 2473 1171 suorum,

507 1204 817 1266 cucullato
857 1205 1162 1267 advocato
1207 1204 1402 1264 dixit:
1477 1208 1512 1236 ‘⁶
1533 1201 1676 1283 Ego
1734 1222 1875 1264 sum
1916 1186 2301 1275 Willelmus,
2347 1200 2473 1264 Dei

507 1306 1276 1389 gratia‚Normannorum
1307 1306 1623 1389 Princeps.
1698 1306 1848 1388 Quae
1872 1306 2033 1367 mihi
2052 1306 2345 1369 hesterno
2370 1307 2473 1367 die

507 1411 800 1486 retulisti,
828 1413 895 1473 in
922 1412 1148 1473 horum
1188 1431 1354 1473 nunc
1395 1413 1728 1492 praesentia
1763 1408 1985 1472 refer.”
2065 1408 2343 1492 Legatus
2382 1411 2478 1471 ita

509 1513 788 1577 elocutus
806 1523 940 1577 est}
988 1521 1023 1548 “
1043 1515 1200 1577 Haec
1218 1516 1340 1577 tibi
1359 1517 1623 1579 mandat
1644 1515 1784 1578 Rex
1802 1514 2141 1577 Heraldus.
2212 1515 2474 1579 Terram

503 1621 638 1699 ejus
689 1620 1002 1700 ingressus
1053 1638 1136 1693 es,
1183 1639 1307 1701 qua
1351 1619 1603 1695 fiducia,
1650 1640 1777 1702 qua
1826 1621 2205 1694 temeritate,
2254 1624 2475 1684 nescit.

415 1720 418 1723 ’
513 1722 816 1784 Meminit
841 1723 1092 1804 quidem
1121 1723 1286 1804 quod
1324 1722 1464 1786 Rex
1505 1723 1853 1787 Edwardus
1893 1732 1958 1786 te
2000 1724 2257 1807 Anglici
2296 1728 2477 1808 regni

510 1828 822 1890 haeredem
863 1828 996 1891 fore
1039 1828 1282 1909 pridem
1319 1829 1683 1904 decreverit,
1726 1838 1793 1891 et
1836 1830 2002 1911 quod
2042 1832 2173 1912 ipse
2209 1833 2277 1892 in
2310 1830 2477 1894 Nor-

455 1948 464 1959 ·
511 1934 771 1995 mannia
810 1933 889 1994 de
926 1933 1046 1995 hac
1088 1934 1466 1995 successione
1507 1935 1909 1996 securitatem
1951 1936 2074 1997 tibi
2109 1934 2479 2002 firmaverit..

513 2036 718 2100 Novit
767 2045 982 2099 autem
1027 2040 1167 2117 jure
1221 2058 1402 2098 suum
1455 2058 1587 2099 esse
1641 2059 1906 2119 regnum
1960 2040 2148 2113 idem,
2200 2042 2479 2121 ejusdem

515 2143 727 2225 Regis,
755 2142 995 2203 domini
1014 2141 1129 2215 sui,
1156 2141 1319 2203 dono
1347 2142 1414 2201 in
1441 2143 1739 2203 extremis
1765 2142 1933 2204 illius
1958 2144 2079 2204 sibi
2104 2164 2478 2207 concessum.

516 2247 775 2310 Etenim
803 2247 885 2307 ab
912 2266 987 2307 eo
1022 2254 1326 2326 tempore,
1353 2265 1477 2326 quo
1509 2246 1733 2307 beatus
1771 2246 2165 2328 Augustinus
2206 2250 2273 2310 in
2316 2250 2481 2312 hanc

512 2352 691 2414 venit
726 2350 1066 2430 regionem,
1093 2369 1488 2411 communem
1515 2350 1725 2430 gentis
1766 2351 1953 2431 hujus
1996 2351 2186 2414 fuisse
2228 2373 2483 2415 consue-

513 2456 819 2528 tudinem,
846 2454 1248 2515 donationem
1269 2474 1458 2536 quam
1478 2455 1547 2514 in
1567 2454 1793 2517 ultimo
1812 2454 1937 2517 fine
1957 2475 2069 2518 suo
2088 2458 2225 2539 quis
2242 2458 2481 2536 fecerit,

515 2582 656 2624 eam
683 2570 889 2621 ratam
927 2559 1165 2621 haberi.
1251 2557 1645 2641 Quapropter
1687 2560 1764 2621 de
1798 2567 1971 2623 terra
2004 2564 2173 2643 juste
2198 2582 2313 2626 sua
2336 2585 2481 2628 cum
2586 2544 2594 2553 ’

513 2667 640 2728 tuis
665 2673 730 2726 te
757 2664 1005 2745 regredi
1030 2663 1324 2745 postulat.
1407 2663 1710 2745 Alioquin
1746 2665 2113 2740 amicitiam,
2156 2676 2223 2729 et
2256 2679 2483 2733 cuncta

513 2779 700 2854 pacta
724 2790 836 2852 per
861 2769 1065 2850 ipsum
1093 2770 1157 2829 in
1189 2767 1589 2830 Not-mannia
1614 2770 1736 2831 tibi
1756 2768 2027 2846 firmata,
2055 2772 2273 2848 solvet,
2293 2795 2482 2855 penes

515 2885 580 2938 te
606 2876 863 2938 omnino
890 2874 1246 2956 relinquens
1272 2869 1405 2934 ea.”

593 2979 850 3042 Auditis
877 2977 1149 3041 Heraldi
1167 2978 1502 3052 mandatiS,
1562 2977 1713 3040 Dux
1731 2977 2117 3043 Monachum
2138 2983 2481 3064 inquisivit,

514 3105 666 3145 num
692 3084 976 3164 legatum
1003 3103 1184 3144 suum
1228 3083 1311 3143 ad
1347 3081 1707 3144 Heraldum
1734 3104 1877 3145 cum
1918 3085 2118 3147 salute
2145 3087 2483 3168 perducere

513 3189 722 3251 vellet.
806 3187 924 3250 Ille
944 3187 1164 3248 salutis
1183 3189 1334 3267 ejuS,
1375 3195 1440 3253 et
1465 3188 1751 3271 propriae,
1791 3208 2005 3250 curam
2032 3209 2097 3251 se
2117 3191 2483 3252 habiturum

515 3292 864 3374 spopondit.
913 3304 920 3308 ·
947 3289 1096 3352 Dux
1123 3291 1294 3351 illico
1319 3292 1528 3353 verbis
1561 3291 1661 3352 his
1692 3289 2077 3354 Monachum
2106 3292 2484 3356 Fiscannen-

517 3417 647 3458 sem
695 3394 1008 3476 quendam
1057 3394 1378 3467 instruxit,
1435 3414 1570 3475 quse
1618 3396 1805 3456 citius
1858 3395 2143 3459 Heraldo
2195 3399 2485 3460 deferret.

515 3505 552 3534 ‘⁵
585 3499 734 3561 Non
779 3506 1034 3572 temere,
1074 3519 1274 3580 neque
1312 3501 1560 3580 injuste,
1602 3499 1710 3560 sed
1755 3500 2037 3562 consulto
2082 3508 2147 3562 et
2172 3503 2485 3583 aequitatis

524 3604 719 3665 ductu
742 3604 810 3663 in
829 3601 992 3663 hanc
1007 3609 1244 3662 terram
1262 3610 1653 3664 transvectus
1672 3623 1808 3664 sum
1823 3624 1839 3676 ;
1866 3607 1962 3684 cuj
1968 3625 2039 3665 us
2054 3625 2156 3665 me
2171 3604 2482 3667 haeredem

516 3716 589 3769 ut
616 3705 940 3769 Heraldus
978 3707 1107 3787 ipse
1150 3705 1406 3780 fatetur,
1447 3708 1672 3768 statuit
1701 3706 2011 3770 Dominus
2037 3730 2215 3770 meus
2240 3718 2305 3772 et
2340 3733 2486 3772 con-

515 3813 892 3893 sanguineus
919 3809 1057 3872 Rex
1083 3809 1450 3884 laem-ardus,
1476 3813 1559 3873 ob
1585 3813 1895 3874 maximos
1919 3813 2187 3876 honores
2206 3823 2273 3876 et
2292 3815 2487 3898 pluri-

518 3937 624 3978 ma
649 3915 958 3978 beneficia
984 3935 1120 3996 quae
1147 3915 1246 3975 illi
1271 3923 1459 3996 atque
1486 3915 1671 3977 fratri
1698 3937 1827 3991 sue,
1868 3938 2109 3980 necnon
2129 3919 2485 3982 hominibus

519 4041 755 4094 eorum,
795 4041 915 4102 ego
968 4028 1033 4081 et
1071 4022 1340 4100 majores
1393 4022 1520 4081 mei
1566 4021 2022 4102 impendimus3
2071 4031 2137 4084 et
2189 4026 2483 4104 quoniam

518 4127 821 4199 omnium,
864 4127 972 4207 qui
998 4145 1195 4206 genus
1215 4145 1394 4186 suum
1415 4126 1823 4206 attingerent,
1848 4146 1951 4188 me
1968 4128 2261 4190 credebat
2287 4131 2485 4192 excel-

519 4230 958 4304 lentissimum,
985 4231 1094 4312 qui
1109 4231 1346 4311 optime
1365 4229 1642 4292 valerem
1668 4231 1770 4292 vel
1797 4232 1877 4304 ei,
1902 4235 2197 4313 quamdiu
2226 4236 2486 4308 viveret,

522 4335 870 4408 subvenire,
896 4334 1016 4408 vel,
1038 4343 1442 4415 posteaquam
1463 4334 1807 4407 decederet,
1834 4356 2098 4417 regnum
2114 4339 2485 4418 gubernare.
