3192 5050
830 625 988 673 WID.
1029 623 1313 672 cARMEN
1353 623 1444 671 DE
1480 621 1859 672 EASTINGAE
1898 619 2192 668 PROELIO.

693 767 908 832 Missis
935 768 1180 853 legatis,
1207 769 1416 850 prima
1439 768 1687 830 tributa
1710 765 1881 829 tulit.

612 873 764 936 Post
782 873 924 936 aliae
941 874 1152 955 plures
1176 874 1448 935 nimium
1468 893 1584 934 sua
1603 875 1751 954 jura
1775 873 2073 934 timentes

689 976 854 1060 Regi
874 986 1096 1058 sponte
1117 997 1232 1040 sua
1255 997 1522 1039 munera
1546 984 1737 1059 grata
1760 976 1975 1038 ferunt
1997 995 2013 1047 ;

610 1081 700 1146 Et
726 1083 926 1145 veluti
950 1102 1178 1143 muscoe
1205 1080 1462 1144 stimulo
1487 1081 1677 1142 famis
1702 1080 2040 1160 exagitatae

694 1183 924 1248 Ulcera
947 1186 1262 1248 densatim
1287 1184 1478 1265 plena
1501 1204 1723 1246 cruere
1759 1191 2005 1263 petunt,

605 1288 904 1373 Undique
931 1290 1017 1351 sic
1045 1289 1244 1370 Angli
1269 1289 1408 1370 regi
1434 1295 1697 1350 currunt
1722 1287 2039 1349 famulari.

684 1392 908 1476 Pergit
932 1393 1298 1455 muneribus
1325 1413 1442 1454 nec
1467 1399 1741 1456 vacuata
1764 1412 2029 1454 manus:

604 1497 836 1562 Omnes
861 1499 1030 1561 dona
1054 1496 1268 1558 ferunt
1291 1504 1358 1558 et
1377 1497 1495 1558 sub
1514 1498 1675 1578 juga
1698 1495 1863 1558 colla
1887 1502 2201 1575 reponunt
2226 1514 2242 1568 3

681 1601 897 1664 Flexis
914 1601 1260 1681 poplitibus
1285 1599 1499 1662 oscula
1517 1600 1676 1662 dant
1701 1600 1983 1678 pedibus.

600 1706 727 1769 Per
750 1707 1028 1786 spatium
1053 1705 1286 1766 mensis
1311 1724 1458 1765 cum
1482 1710 1673 1785 gente
1693 1703 2069 1782 perendinat
2087 1705 2237 1780 illic,

680 1810 834 1873 Post
869 1810 997 1872 alio
1022 1808 1202 1873 vadit
1227 1813 1436 1870 castra
1459 1806 1667 1870 locare
1692 1808 1833 1870 sibi.

601 1913 1038 1978 Guincestram
1065 1912 1276 1974 misit:
1315 1911 1580 1973 mandat
1605 1913 1983 1991 primatibus
2008 1913 2200 1988 urbis,

677 2018 774 2082 Ut
800 2018 1043 2081 faciunt
1070 2016 1200 2091 alii,
1228 2016 1393 2078 ferre
1419 2016 1665 2077 tributa
1690 2016 1829 2079 sibi.

595 2123 786 2186 Hanc
811 2125 1037 2204 regina
1060 2129 1238 2183 tenet
1263 2121 1432 2202 regis
1455 2119 1534 2181 de
1555 2121 1703 2182 dote
1729 2121 1955 2202 prioris

675 2226 1076 2310 Hetguardi:
1145 2244 1336 2307 quare
1363 2224 1631 2286 dedecus
1656 2243 1788 2286 esse
1808 2233 1993 2305 putat

597 2331 702 2395 Sic
725 2333 849 2394 tibi
874 2348 1230 2393 concessam
1249 2329 1304 2389 si
1321 2327 1500 2391 vadit
1525 2327 1749 2390 tollere
1776 2328 2007 2403 sedem,

675 2435 893 2499 Solum
913 2431 1186 2516 vectigal
1212 2431 1490 2513 postulat
1515 2439 1705 2513 atque
1732 2430 1943 2506 fidem,

588 2541 741 2605 Una
762 2543 1067 2624 primates
1092 2539 1327 2620 regines
1351 2536 1817 2612 consuluerunt,

669 2646 914 2729 Illaque
942 2644 1286 2707 concedens
1323 2641 1488 2704 ferre
1527 2643 1733 2724 petita
1748 2643 1953 2724 jubet,

588 2752 832 2815 Taliter
851 2758 918 2812 et
935 2749 1104 2831 regis
1118 2754 1429 2829 praecepto
1448 2747 1647 2829 spirat
1670 2756 1933 2829 uterque
1952 2770 1967 2811 ε

667 2854 841 2917 Nam
865 2854 1138 2915 domines
1157 2851 1396 2933 pariter
1421 2859 1488 2912 et
1513 2870 1629 2912 sua
1652 2852 1820 2914 dona
1844 2852 2075 2917 ferunt.

587 2958 726 3023 Rex
751 2960 839 3020 sic
865 2964 1125 3039 pacatus
1149 2955 1428 3017 tentoria
1452 2952 1581 3015 fixa
1606 2956 1882 3031 resolvit,

665 3062 804 3145 Quo
829 3060 1132 3143 populosa
1150 3059 1317 3119 nitet
1343 3054 1654 3120 Londona
1670 3061 1869 3122 vertit
1894 3062 2035 3125 iter.

582 3166 702 3229 Est
725 3167 875 3229 urbs
902 3162 1118 3245 ampla
1141 3162 1332 3224 nimis
1357 3162 1665 3243 perversis
1689 3162 1878 3245 plena
1902 3164 2157 3241 colonis,

671 3271 762 3334 Et
787 3269 970 3351 regni
996 3267 1252 3349 reliquis
1272 3266 1466 3327 ditior
1492 3274 1590 3327 est
1615 3268 1856 3349 opibus.

582 3378 646 3440 A
672 3378 816 3439 leva
839 3373 1057 3445 muris,
1084 3390 1126 3433 a
1150 3371 1388 3431 dextris
1427 3369 1689 3434 flumine
1716 3381 1861 3435 tuta

659 3480 898 3545 Hostes
921 3497 1038 3538 nec
1063 3476 1294 3538 metuit
1318 3495 1435 3537 nec
1461 3484 1653 3557 pavet
1678 3486 1815 3540 arte
1850 3482 2011 3562 capi.

577 3584 769 3649 Hanc
794 3583 962 3646 bello
988 3587 1286 3663 superata
1309 3580 1472 3661 petit
1494 3599 1652 3662 gens
1678 3581 1984 3664 improba,
2012 3606 2268 3668 sperans

657 3689 898 3751 Vivere
922 3685 1323 3769 perlongum
1348 3684 1554 3746 libera
1577 3693 1827 3769 tempus
1852 3689 1920 3749 in
1949 3689 2086 3753 hac.

582 3792 710 3856 Sed
735 3793 886 3874 quia
909 3789 1256 3874 pernimius
1274 3795 1480 3850 terror
1498 3788 1851 3853 vallaverat
1876 3812 2111 3869 omnes,

656 3896 956 3977 Undique
983 3892 1272 3976 planctus
1299 3899 1456 3965 erat,
1483 3877 1716 3955 moeror
1741 3903 1809 3956 et
1834 3896 2195 3981 impaciens.

576 4000 733 4064 Una
754 4008 1145 4081 postremum
1171 4003 1446 4058 rectores
1471 4004 1663 4078 atque
1688 4006 1979 4079 potentes

660 4104 806 4167 Tali
830 4101 1093 4165 consilio
1117 4098 1482 4163 consuluere
1501 4100 1659 4161 sibi:

579 4206 834 4271 Scilicet
859 4214 934 4269 ut
961 4224 1225 4287 puerum
1246 4209 1470 4265 natum
1497 4203 1578 4265 de
1604 4206 1863 4269 traduce
1890 4212 2059 4293 regis

656 4310 734 4373 In
763 4329 977 4392 regem
1007 4314 1272 4380 sacrent,
1298 4326 1380 4366 ne
1407 4306 1540 4367 sine
1567 4328 1717 4389 rege
1744 4309 1971 4375 forent.
