3192 5050
761 625 984 673 ensi-A
1025 624 1380 673 WILLELm
1420 622 1627 673 nucls
1668 622 2225 673 NoRMANNoRUM.
2400 612 2483 677 99

507 776 722 832 noster
737 768 887 833 Dux
905 768 1276 833 Willelmus
1287 775 1472 831 noete
1489 770 1873 853 intempesta
1886 777 2070 832 oaute
2096 770 2482 833 instructum

509 874 822 955 quendam
887 874 1140 948 direxit,
1205 873 1314 955 qui
1357 874 1609 935 tristem
1656 874 1795 955 regi
1838 874 2174 937 victoriam
2224 875 2485 956 propius

510 985 719 1041 eastra
772 978 970 1060 ipsius
1021 978 1106 1040 ab
1151 976 1286 1040 alto
1334 977 1580 1040 arboris
1620 996 1735 1059 per
1788 976 2041 1060 sing-ula
2090 978 2482 1043 inclamavit.

513 1078 654 1143 Rex
687 1080 1000 1143 attonitus
1015 1080 1347 1162 inopinato
1389 1080 1639 1154 nuntio,
1652 1080 1871 1161 proeul
1884 1080 2063 1143 omni
2081 1082 2484 1144 cunctatione

509 1184 690 1264 signo
709 1184 1086 1245 antelucano
1112 1202 1255 1245 suos
1280 1183 1348 1243 in
1366 1181 1588 1263 fugam
1616 1182 1923 1245 excitavit
1945 1202 1961 1256 ;
2002 1202 2247 1245 summe
2272 1203 2483 1247 neees-

509 1288 745 1347 sarium
785 1294 964 1348 ratus
1003 1306 1193 1367 quam
1235 1285 1518 1347 maxima
1541 1284 1871 1347 eeleritate
1900 1284 2316 1348 Normanniae
2340 1284 2485 1348 fini-

509 1387 626 1451 bus
651 1388 988 1451 discedere.
1072 1387 1289 1451 Multa
1313 1388 1542 1449 dehine
1567 1388 1829 1451 hostilia
1843 1389 2137 1470 utrinque
2156 1397 2303 1452 aeta
2318 1398 2484 1465 sunt,

509 1492 722 1573 qualia
761 1500 992 1572 praeter
1017 1491 1172 1554 belli
1205 1490 1573 1553 conflictum
1621 1492 1793 1553 inter
1832 1499 2049 1555 tantos
2090 1494 2301 1556 hostes
2343 1492 2485 1556 fieri

507 1595 730 1658 solent.
799 1594 1064 1657 Francis
1077 1592 1338 1656 tandem
1350 1594 1869 1676 gravissimarum
1888 1595 2011 1657 sibi
2027 1596 2482 1659 dissentionum

509 1698 722 1761 finem-
746 1699 1214 1781 cupientissime
1249 1698 1625 1773 volentibus,
1650 1718 1777 1780 pax
1811 1700 2127 1774 convenit,
2166 1721 2245 1763 ea
2284 1702 2484 1783 paeti-

509 1822 630 1864 one
672 1804 842 1864 inter
869 1798 1115 1864 Ducem
1143 1810 1210 1864 et
1245 1822 1460 1883 regem
1486 1802 1718 1876 media,
1745 1810 1819 1864 ut
1854 1803 2028 1885 eapti
2070 1803 2239 1886 apud
2268 1802 2483 1867 Mare-

512 1913 834 1967 mortuum
875 1906 1012 1986 regi
1053 1905 1486 1978 redderentur,
1529 1907 1667 1985 ejus
1713 1924 1864 1968 vero
1906 1924 2165 1968 assensu
2210 1914 2277 1968 et
2303 1909 2483 1988 quasi

512 2010 685 2073 dono
711 2010 984 2091 quodam
1011 2010 1140 2071 dux
1159 2012 1301 2091 Jure
1327 2017 1634 2092 perpetuo
1660 2008 1965 2071 retineret
1984 2010 2153 2090 quod
2176 2009 2485 2074 Graufiido

511 2114 1002 2195 Andegavorum
1050 2112 1288 2175 Comiti
1324 2111 1694 2185 abstulerat,
1758 2113 2047 2194 quodque
2089 2114 2333 2177 valeret
2373 2134 2487 2177 au-

511 2216 695 2278 ferre.
781 2215 1131 2279 Confestim
1197 2217 1265 2277 in
1321 2216 1458 2297 ipso
1502 2224 1820 2277 eonventu
1870 2216 2186 2298 principes
2235 2216 2487 2281 militiae

511 2340 636 2382 suae
646 2322 823 2400 jussu
840 2319 1228 2382 commonuit
1239 2318 1367 2379 dux
1376 2317 1549 2379 intra
1564 2318 1871 2380 terminos
1881 2316 2174 2380 Martelli
2184 2318 2484 2402 Andega-

511 2424 718 2486 vensis
743 2424 829 2485 ad
852 2423 1198 2485 Ambreras
1216 2420 1669 2484 construendas
1694 2427 1943 2482 mature
1970 2421 2184 2483 adesse
2210 2431 2485 2504 paratos.

512 2524 602 2591 Et
629 2549 816 2610 quem
842 2529 1032 2609 hujus
1067 2524 1329 2609 ineoepti
1355 2527 1526 2588 diem
1553 2525 1645 2588 eis
1687 2527 1839 2607 ipse,
1878 2527 2150 2589 eundem
2178 2525 2486 2592 Mai-tello
2600 2607 2617 2624 θ

511 2651 626 2713 per
677 2631 924 2712 legatos
969 2629 1329 2713 praefinivit.
1416 2627 1472 2691 O
1512 2628 1818 2704 validum,
1863 2649 1907 2692 o
1957 2629 2381 2693 eonfidentem
2416 2641 2485 2695 et

509 2734 788 2797 nobilem
831 2735 1018 2816 hujus
1039 2735 1166 2797 viri
1201 2733 1522 2797 animum!
1563 2753 1605 2795 o
1640 2732 2101 2809 admirandam,
2146 2755 2265 2798 nee
2297 2733 2484 2799 faeile

511 2837 898 2919 competenti
933 2838 1247 2918 praeoonio
1271 2836 1703 2899 extollendam
1728 2838 2070 2901 virtutem!
2136 2837 2288 2902 Non
2318 2841 2485 2922 petit

511 2939 786 3003 imbellis
809 2940 1145 3021 cujuslibet
1163 2947 1405 3002 terram
1432 2939 1896 3015 debellandam,
1922 2941 2032 3004 sed
2048 2944 2307 3023 tyranni
2321 2943 2484 3008 fero-

512 3044 749 3106 cissimi
774 3052 842 3106 et
867 3045 936 3103 in
962 3062 1031 3105 re
1057 3042 1346 3117 militari,
1373 3051 1448 3105 ut
1482 3045 1809 3124 superiora
1826 3043 2111 3117 docuere,
2136 3045 2481 3126 plurimum

511 3148 774 3220 strenui,
801 3167 1009 3228 quem,
1029 3147 1130 3208 uti
1154 3145 1395 3207 fulmen
1423 3145 1730 3220 terribile,
1774 3145 2054 3210 Comites
2079 3156 2269 3229 atque
2296 3148 2485 3211 duces

509 3249 935 3331 potentissimi
949 3255 1325 3322 tremerent3
1346 3250 1522 3329 eujus
1539 3249 1707 3310 vires
1722 3256 1789 3310 et
1802 3249 2111 3312 versutias
2127 3250 2483 3313 eolimitan-

512 3353 680 3414 tium
697 3352 757 3413 ei
773 3351 1102 3432 quisquam
1117 3350 1226 3413 vix
1241 3351 1555 3414 evaderet.
1600 3350 1819 3426 Porr0,
1834 3360 1909 3414 ut
1925 3353 2131 3434 magis
2149 3354 2481 3430 admirere,

511 3455 721 3536 ipsum
759 3454 1007 3516 hostem
1042 3453 1368 3516 incautum
1395 3453 1498 3516 vel
1526 3455 1911 3535 imparatum
1938 3475 2064 3518 non
2092 3458 2483 3538 aggreditur,

511 3559 624 3622 sed
648 3558 824 3640 prius
849 3558 911 3619 ei
937 3557 1160 3619 diebus
1184 3556 1271 3619 xl.
1311 3562 1350 3591 ‘⁶
1369 3557 1500 3630 ubi,
1528 3557 1798 3638 quando,
1824 3561 1999 3639 eujus
2022 3559 2119 3620 rei
2142 3561 2373 3640 gratia,
2398 3564 2483 3624 sit

513 3656 956 3734 adventurm?
1002 3660 1356 3722 denuntiat.
1437 3659 1653 3741 Hujus
1677 3658 1863 3722 famae
1896 3669 2139 3725 terrore
2163 3665 2483 3746 perculsus

517 3763 872 3828 Gaufredus
921 3762 1394 3840 MeduanensiS,
1443 3763 1857 3840 Gaufredum,
1904 3765 2253 3830 Dominum
2279 3790 2481 3845 suum,

513 3867 780 3930 festinus
827 3868 984 3942 adit,
1027 3866 1246 3930 dolens
1289 3876 1358 3930 et
1401 3868 1710 3932 miserans
1762 3872 2204 3952 conqueritur3
2279 3880 2315 3908 “
2334 3895 2480 3937 oon-

515 3974 770 4034 struetis
796 3973 1129 4035 Ambreris
1147 3974 1373 4055 opibus
1397 3971 1936 4049 Normannorum‚
1974 3983 2213 4039 terram
2239 3981 2372 4060 ejus
2397 3984 2480 4044 ad

513 4077 769 4140 libitum
792 4078 1035 4138 inimici
1054 4077 1496 4152 invadendam,
1523 4078 1989 4156 destruendam,
2016 4079 2480 4150 desolandam.”

521 4179 639 4244 Oui
681 4189 988 4262 tyrannus
1021 4179 1381 4256 Martellus‚
1427 4191 1500 4245 ut
1531 4190 1671 4246 erat
1697 4183 1902 4248 elatus
1940 4186 2173 4261 animo,
2211 4190 2481 4270 grandia
