3192 5050
692 614 773 677 48
1060 631 1275 681 somn
1317 632 1561 681 RERUM
1602 633 1793 682 ensr.
1835 634 2189 683 w1L1212LM1
2231 634 2278 681 1.

776 773 1084 838 Omnibus
1109 776 1228 839 hoe
1254 775 1527 858 placuit:
1582 778 1754 840 dieto
1779 777 2054 841 velocius
2079 777 2367 861 implent.

854 869 1116 942 Mititur
1141 881 1225 942 ad
1250 900 1467 963 regem
1494 882 1595 944 vir
1621 884 1868 944 ratione
1894 902 2112 964 capax,

776 982 1013 1045 Ordine
1040 985 1150 1065 qui
1176 985 1399 1046 retulit
1425 986 1728 1047 decorans
1753 1006 2038 1048 sermone
2065 984 2273 1047 faeeto

853 1087 1034 1150 Utile
1061 1088 1414 1150 fraternum
1440 1109 1567 1152 non
1590 1110 1772 1152 secus
1791 1111 1866 1152 ae
1891 1090 2216 1172 proprium
2239 1109 2256 1162 ;

779 1190 906 1254 Sed
933 1194 1083 1274 quia
1099 1193 1209 1255 vix
1236 1193 1457 1275 patula
1480 1202 1777 1256 teneatur
1802 1194 2104 1275 compede·
2125 1193 2364 1274 vulpes,

853 1295 1131 1359 Fallitur
1156 1318 1197 1359 a
1222 1319 1372 1381 rege
1398 1298 1620 1360 fallere
1648 1319 1835 1379 quem
1861 1297 2100 1362 voluit:

775 1397 1071 1482 Namque
1098 1401 1311 1483 palam
1336 1402 1557 1464 laudat
1582 1423 1712 1475 rex,
1753 1410 1942 1483 atque
1967 1401 2244 1463 latenter
2262 1401 2510 1482 ineptat

853 1502 1166 1586 Quicquid
1192 1506 1276 1567 ab
1303 1506 1640 1588 Ansgardo
1665 1507 1932 1568 nuncius
1957 1505 2295 1579 attulerat3

778 1605 1053 1670 Obceoat
1080 1609 1262 1670 donis
1288 1609 1588 1673 stolidum
1614 1611 1944 1692 verbisque
1970 1608 2219 1682 fefellit,

855 1710 1128 1774 Praemia
1143 1714 1521 1796 promittens
1546 1715 1950 1776 innumerosa
1973 1715 2115 1776 sibi.

773 1814 895 1880 Ille
922 1824 1094 1879 retro
1120 1817 1313 1878 rutilo
1331 1817 1630 1899 gradiens
1655 1827 1952 1881 oneratus
1973 1820 2056 1881 ab
2082 1839 2238 1882 auro

854 1921 918 1983 A
947 1921 1171 2003 quibus
1196 1930 1293 1984 est
1317 1923 1543 1984 missus
1568 1922 1730 1984 talia
1755 1922 1928 1984 diota
1952 1922 2185 1985 refert:

774 2031 811 2059 “
831 2023 972 2088 Rex
994 2026 1175 2088 vobis
1193 2046 1415 2108 pacem
1442 2027 1601 2089 dicit
1620 2027 1981 2108 profertque
2009 2026 2298 2101 salutem,

856 2127 1109 2193 Vestris
1133 2131 1454 2194 mandatis
1475 2139 1662 2213 paret
1689 2139 1756 2193 et
1781 2132 2015 2214 absque
2043 2131 2236 2206 dolis3

778 2233 906 2297 Sed
933 2231 1283 2298 Dominum
1310 2243 1527 2310 testor,
1568 2236 1673 2296 oui
1691 2255 1904 2297 rerum
1931 2237 2124 2298 servit
2151 2237 2384 2317 image,

855 2336 1009 2402 Post
1034 2337 1250 2402 David
1277 2360 1495 2422 regem
1521 2341 1722 2402 nescit
1741 2340 1976 2402 habere
2001 2361 2222 2422 parem
2247 2360 2263 2401 ε

775 2441 1109 2506 Pulchrior
1132 2451 1229 2506 est
1255 2443 1402 2518 sole,
1442 2443 1789 2525 sapientior
1813 2452 1879 2505 et
1911 2443 2281 2517 Salomone;

855 2545 1220 2631 Promptior
1244 2557 1341 2610 est
1369 2547 1634 2629 Magno,
1672 2548 1912 2630 largior
1937 2556 2004 2610 et
2034 2546 2280 2611 Carolo.

776 2647 1065 2713 Contulit
1091 2649 1428 2730 Eguardus
1455 2652 1622 2733 quod
1648 2672 1761 2713 rex
1779 2653 2016 2713 donum
2043 2652 2164 2713 sibi
2190 2652 2376 2734 regni

857 2752 1183 2816 Monstrat
1208 2761 1275 2815 et
1300 2752 1618 2827 adfirmat,
1658 2774 1889 2835 vosque
1909 2755 2203 2837 probasse
2231 2754 2446 2817 refert.

646 2878 653 2885 ·
773 2854 919 2919 Hoc
944 2858 1146 2939 igitur
1170 2864 1469 2939 superest,
1496 2857 1670 2919 ultra
1695 2858 1748 2919 si
1774 2858 1986 2920 vivere
2011 2857 2223 2932 vultiS‚

855 2960 1097 3023 Debita
1121 2983 1267 3024 eum
1293 2962 1587 3023 manibus
1613 2962 1872 3023 reddere
1891 2965 2040 3043 jura
2065 2960 2245 3024 sibi.’'

775 3064 1027 3127 Annuit
1052 3065 1170 3128 hoe
1196 3065 1438 3147 vulgus,
1473 3068 1716 3147 justum
1742 3066 1970 3148 probat
1995 3085 2126 3127 esse
2147 3074 2420 3143 senatus,

858 3166 946 3233 Et
972 3192 1239 3254 puerum
1266 3190 1480 3252 regem
1508 3179 1706 3233 coetus
1731 3179 1996 3252 uterque
2023 3180 2235 3253 negat.

777 3273 1081 3337 Vultibus
1106 3276 1173 3335 in
1202 3284 1375 3337 terra
1400 3274 1679 3348 deflexis,
1721 3275 1888 3356 regis
1913 3275 1997 3336 ad
2023 3274 2238 3338 aulam

858 3378 1018 3443 Cum
1044 3400 1241 3462 puero
1266 3387 1539 3461 pergunt
1564 3379 1820 3461 agmine
1847 3381 2195 3461 composito
2216 3402 2233 3455 ;

775 3486 1065 3550 Reddere
1093 3505 1207 3567 per
1232 3485 1439 3547 claves
1464 3485 1707 3558 urbem,
1750 3485 1970 3547 sedare
1997 3488 2276 3550 furorem

854 3589 1087 3653 Oblato
1112 3598 1401 3672 quaerunt
1425 3609 1688 3651 munere
1706 3610 1852 3651 oum
1877 3591 2190 3653 manibus.

776 3694 981 3758 Novit
1006 3702 1080 3756 ut
1106 3694 1470 3768 adventum,
1496 3693 1700 3755 faetus
1726 3715 1839 3755 rex
1856 3694 2081 3757 obvius
2106 3695 2235 3759 illis

853 3797 1015 3862 Uum
1042 3819 1237 3880 puero
1262 3797 1521 3879 reliquis
1538 3797 1754 3859 oscula
1777 3806 1966 3879 grata
1993 3799 2206 3873 dedit;

774 3901 1008 3986 Culpas
1034 3903 1316 3978 indulsit,
1342 3910 1675 3985 gratanter
1694 3903 1864 3965 dona
1887 3905 2146 3985 recepit,

848 4006 939 4070 Et
966 4009 1054 4070 sie
1081 4016 1398 4090 susceptos
1423 4015 1664 4070 traetat
1689 4007 2052 4070 honorifice.

772 4112 1061 4176 Perfidiae
1087 4113 1291 4195 speeie
1316 4112 1644 4195 proprium
1671 4114 2073 4175 commendat
2097 4114 2423 4193 honorem,

851 4216 939 4280 Et
958 4219 1337 4299 juramentis
1362 4215 1606 4298 perfida
1630 4216 1822 4279 eorda
1846 4218 2026 4301 ligat.

770 4322 1011 4386 Christi
1038 4321 1287 4395 natalis,
1316 4328 1545 4383 nostrae
1572 4341 1712 4403 spes
1739 4342 1866 4384 una
1892 4322 2132 4398 salutis,
