3192 5050
695 594 816 659 138
1054 607 1265 655 semp.
1306 606 1547 654 RERUM
1587 604 1777 653 essm.
1819 602 2166 652 WILLELMI
2207 604 2253 649 1.

698 757 972 819 reditum
998 752 1212 825 suasit,
1255 750 1607 833 proximam
1636 751 1716 824 ei,
1762 750 1817 811 si
1842 755 2151 831 pergeret,
2202 754 2473 809 mortem
2498 766 2656 829 pree:-

697 861 928 921 dicens.
1009 854 1169 917 Haec
1223 856 1390 917 inter
1440 856 1637 917 verba
1688 872 2009 935 percussus
2062 851 2439 914 Eustachius
2490 851 2661 912 inter

699 961 982 1044 scapulas
1027 962 1158 1021 ictu
1204 979 1445 1032 sonoro,
1491 961 1667 1039 cujus
1712 958 2094 1039 gravitatem
2140 956 2359 1017 statim
2405 956 2659 1037 sanguis

699 1064 1172 1129 demonstrabat
1216 1063 1472 1125 naribus
1515 1070 1583 1125 et
1629 1082 1755 1137 ore,
1796 1062 1974 1144 quasi
2011 1058 2420 1123 moribundus
2457 1060 2661 1123 evasit

701 1189 818 1251 ope
844 1169 1168 1230 comitum.
1249 1164 1399 1227 Dux
1437 1164 1841 1231 formidinem
1879 1165 2136 1226 omnino
2176 1164 2522 1244 dedignans
2546 1170 2661 1224 aut

701 1274 982 1346 dedecus,
1009 1271 1310 1334 invadens
1335 1270 1630 1352 protrivit
1657 1269 2059 1333 adversarios.
2120 1266 2199 1329 In
2226 1288 2300 1329 eo
2326 1286 2660 1348 congressu

705 1375 1217 1439 Normannorum
1259 1374 1456 1455 aliqui
1495 1374 1830 1436 nobiliores
1869 1372 2247 1446 ceciderunt,
2284 1372 2665 1434 adversitate

702 1480 826 1543 loci
857 1480 1094 1545 virtute
1123 1498 1339 1541 eorum
1372 1478 1697 1560 impedita.
1784 1476 1889 1539 Sic
1914 1478 2182 1540 victoria
2210 1484 2662 1548 consummata,

709 1586 792 1647 ad
816 1604 1032 1647 aream
1056 1583 1209 1647 belli
1233 1603 1562 1665 regressus,
1589 1582 1823 1665 reperit
1845 1590 2141 1664 stragem,
2158 1602 2348 1663 quam
2372 1602 2499 1643 non
2525 1582 2665 1643 abs·-

708 1709 828 1771 que
885 1688 1288 1753 miseratione
1333 1688 1673 1770 conspexit,
1717 1687 1973 1749 tametsi
2027 1686 2262 1749 factam
2300 1687 2367 1747 in
2406 1686 2663 1768 impios;

707 1793 966 1858 tametsi
1005 1799 1344 1873 tyrannum
1389 1792 1668 1854 occidere
1710 1792 1795 1852 sit
1834 1789 2183 1873 pulchrum,
2224 1790 2397 1852 fama
2436 1790 2667 1871 glorio-

711 1916 872 1971 sum,
909 1894 1215 1959 beneficio
1252 1903 1526 1977 gratum.
1607 1893 1768 1960 Late
1794 1894 1994 1957 solum
2033 1896 2280 1976 operuit
2316 1894 2668 1956 sordidatus

710 2000 778 2060 in
835 2020 1054 2063 cruore
1112 1998 1230 2062 fios
1289 1999 1576 2081 Anglicae
1635 1999 1987 2061 nobilitatis
2051 2006 2239 2079 atque
2296 1999 2667 2080 juventutis.

712 2101 978 2186 Propius
1029 2101 1272 2185 Regem
1325 2103 1553 2165 fratres
1605 2105 1739 2185 ejus
1789 2104 1914 2165 duo
1965 2104 2198 2185 reperti
2250 2110 2415 2164 sunt.
2502 2101 2669 2184 Ipse,

711 2226 928 2271 carens
951 2208 1125 2269 omni
1153 2207 1391 2281 decore,
1419 2207 1791 2288 quibusdam
1830 2206 2044 2288 signis,
2070 2226 2462 2287 nequaquam
2490 2206 2669 2282 facie,

711 2310 1068 2392 recognitus
1104 2317 1221 2384 est,
1258 2317 1327 2372 et
1351 2311 1420 2371 in
1459 2318 1669 2373 castra
1693 2308 1891 2373 Ducis
1916 2310 2179 2384 delatus,
2220 2312 2327 2391 qui
2352 2309 2669 2372 tumulan-

712 2415 864 2477 dum
910 2434 1057 2477 eum
1101 2412 1436 2479 Willelmo
1475 2416 1814 2496 agnomine
1863 2414 2138 2482 Maletto
2183 2416 2501 2490 concessit,
2543 2436 2669 2478 non

711 2518 906 2582 matri
942 2539 1058 2600 pro
1101 2539 1358 2602 corpore
1402 2518 1649 2583 dilectae
1685 2518 1878 2602 prolis
1916 2520 2055 2582 auri
2093 2539 2210 2602 par
2247 2521 2487 2603 pondus
2524 2520 2672 2583 offe-

713 2622 901 2683 renti.
985 2619 1187 2684 Scivit
1228 2623 1399 2684 enim
1436 2643 1562 2685 non
1610 2624 1826 2686 decere
1872 2624 1991 2686 tali
2029 2626 2401 2687 commercio
2446 2644 2670 2686 aurum

715 2725 934 2808 accipi.
1015 2723 1389 2789 AEstimavit
1441 2727 1772 2808 indignum
1832 2727 1965 2790 fore
2005 2728 2088 2789 ad
2138 2729 2361 2790 matris
2418 2729 2670 2791 libitum

716 2828 986 2910 sepeliri,
1026 2830 1201 2910 cujus
1226 2829 1310 2891 ob
1333 2831 1603 2893 nimiam
1644 2832 2053 2915 cupiditatem
2094 2832 2389 2915 insepulti
2427 2855 2673 2896 reman-

717 2940 898 2994 erent
947 2932 1454 2996 innumerabiles.
1533 2933 1798 2998 Dictum
1851 2944 1946 2998 est
1999 2937 2335 3011 illudendo,
2386 2945 2673 3018 oportere

717 3037 911 3098 situm
949 3055 1082 3098 esse
1120 3038 1440 3100 custodem
1479 3038 1716 3104 littoris
1754 3047 1822 3102 et
1854 3040 2082 3123 pelagi,
2123 3061 2260 3122 quae
2298 3060 2441 3102 cum
2482 3043 2677 3103 armis

719 3148 869 3203 ante
906 3161 1172 3203 vesanus
1212 3143 1458 3206 insedit.
1542 3142 1681 3206 Nos
1720 3145 1861 3220 tibi,
1902 3143 2203 3220 Heralde,
2243 3166 2370 3207 non
2416 3145 2676 3208 insulta-

720 3265 878 3319 mus,
924 3245 1033 3306 sed
1084 3266 1228 3307 cum
1279 3249 1386 3329 pio
1430 3250 1686 3324 victore,
1739 3257 1916 3312 tuam
1968 3251 2223 3311 ruinam
2267 3250 2677 3332 lachrymam,

719 3349 1090 3410 miseramur
1115 3358 1182 3411 et
1207 3351 1563 3433 plangimus
1601 3362 1687 3415 te.
1767 3352 2001 3415 Vicisti
2026 3353 2218 3434 digno
2258 3362 2324 3416 te
2350 3363 2675 3436 proventu,

717 3452 800 3513 ad
818 3453 1114 3515 meritum
1125 3463 1326 3530 tuum,
1339 3465 1404 3518 et
1418 3457 1484 3517 in
1495 3478 1712 3519 cruore
1723 3458 1993 3539 jacuisti,
2004 3466 2069 3520 et
2084 3459 2152 3519 in
2164 3458 2418 3520 littoreo
2432 3459 2679 3521 tumulo

717 3559 906 3639 jaces,
929 3569 995 3621 et
1004 3560 1354 3640 posthumae
1373 3563 1766 3642 generationi
1784 3571 1918 3624 tam
1940 3562 2293 3644 Anglorum
2309 3583 2497 3644 quam
2512 3562 2582 3623 N
2580 3584 2680 3624 or-

724 3684 1100 3727 mannorum
1127 3665 1566 3727 abominabilis
1591 3668 1732 3728 eris.
1815 3664 2119 3730 Corruere
2145 3667 2347 3730 solent
2382 3669 2489 3749 qui
2515 3687 2683 3729 sum-

724 3787 897 3830 mam
910 3769 976 3828 in
991 3768 1226 3830 mundo
1239 3777 1613 3850 potestatem
1624 3791 1933 3832 summam
1953 3772 2407 3833 beatitudinem
2418 3779 2647 3854 putant
2667 3791 2683 3831 τ

726 3876 811 3943 et,
837 3879 910 3932 ut
948 3873 1219 3934 maxime
1246 3873 1418 3936 beati
1438 3875 1583 3948 sint,
1627 3875 1881 3956 rapiunt
1906 3895 2065 3949 eam,
2086 3883 2334 3956 raptam
2365 3875 2430 3937 vi
2457 3874 2685 3936 bellica
2704 3875 2723 3889 ⁸

727 3975 997 4037 retinere
1024 3978 1331 4040 nituntur.
1411 3978 1615 4060 Atqui
1639 3988 1712 4041 tu
1738 3979 2017 4042 fraterno
2036 3980 2338 4062 sanguine
2364 3979 2683 4052 maduisti,

729 4099 809 4140 ne
835 4078 1050 4142 fratris
1075 4082 1445 4164 magnitudo
1471 4091 1536 4145 te
1563 4083 1799 4147 faceret
1832 4086 2041 4147 minus
2076 4092 2415 4167 potentem.
2496 4083 2683 4146 Ruis-

729 4184 783 4246 ti
809 4185 954 4246 dein
981 4185 1247 4250 furiosus
1272 4189 1338 4250 in
1366 4189 1637 4251 alterum
1664 4189 2044 4264 conflictum,
2072 4198 2161 4263 ut,
2188 4191 2441 4271 adjutus
2464 4189 2689 4272 patriae

730 4289 1082 4370 parricidio,
1123 4293 1332 4374 regale
1372 4295 1562 4356 decus
1602 4315 1729 4356 non
1770 4295 2110 4356 amitteres.
2214 4292 2438 4355 Traxit
2489 4293 2691 4372 igitur

732 4403 798 4456 te
839 4395 1044 4458 clades
1083 4405 1406 4461 contracta
1447 4419 1559 4480 per
1583 4408 1671 4460 te.
1751 4397 1913 4460 Ecce
1957 4417 2079 4459 non
2109 4397 2311 4479 fulges
2337 4399 2403 4459 in
2439 4417 2689 4459 corona.
