3192 5050
725 628 842 693 148
1097 646 1309 693 semp,
1349 646 1591 693 RERUM
1630 646 1821 694 essm.
1865 646 2213 695 w1LLELM1
2252 648 2300 696 1.

725 787 914 851 Vidit
939 790 1109 851 enim
1136 791 1202 850 in
1230 791 1450 872 primis
1474 795 1891 853 necessarium
1937 810 2316 873 magnopere
2343 790 2669 853 Lundoni-

726 911 903 955 enses
927 894 1214 955 coerceri.
1297 892 1399 956 Ibi
1426 895 1690 957 veniunt
1714 896 1797 957 ad
1822 895 2184 976 obsequium
2213 897 2346 977 ejus
2386 893 2671 957 Edvinus

727 1006 794 1059 et
844 996 1214 1059 Morcardus
1255 998 1517 1059 maximi
1553 1000 1682 1060 fere
1726 999 2008 1061 omnium
2049 998 2403 1079 Anglorum
2440 1018 2670 1080 genere

726 1122 800 1163 ac
827 1110 1011 1184 poten
1019 1103 1128 1176 tia,
1155 1101 1426 1184 Algardi
1450 1101 1622 1164 illius
1647 1104 2129 1165 nominatissimi
2156 1102 2292 1177 filii,
2335 1103 2671 1183 deprecan-

715 1214 832 1283 ,tur
856 1207 1106 1269 veniam
1133 1206 1186 1267 si
1214 1226 1340 1287 qua
1381 1207 1448 1268 in
1475 1227 1544 1268 re
1587 1214 1809 1269 contra
1834 1226 1979 1268 eum
2021 1214 2362 1280 senserant,
2404 1205 2670 1267 tradunt

715 1330 790 1383 ,se
835 1318 1180 1391 cunctaque
1222 1329 1336 1371 sua
1375 1312 1508 1391 ejus
1549 1309 1931 1373 clementiae:
1972 1310 2128 1371 item
2172 1309 2283 1372 alii
2321 1308 2671 1390 complures

715 1414 963 1477 nobiles
989 1424 1054 1479 et
1077 1416 1302 1497 opibus
1326 1415 1540 1497 ampli.

713 1566 720 1573 .
805 1517 884 1580 In
909 1520 1008 1581 his
1033 1527 1172 1581 erat
1200 1517 1422 1581 Comes
1451 1516 1645 1593 Com,
1667 1538 1851 1599 quem
1878 1517 2183 1600 singulari
2208 1527 2275 1580 et
2299 1518 2669 1581 fortitudine

724 1630 791 1683 et
816 1622 1128 1703 probitate
1158 1620 1339 1704 Regi,
1366 1631 1507 1703 post
1532 1630 1599 1684 et
1624 1624 1865 1704 optimo
1892 1623 2115 1705 cuique
2134 1620 2203 1685 N
2202 1642 2510 1684 ormanno
2535 1622 2669 1703 pla-

722 1726 920 1786 cuisse
937 1726 1312 1788 audivimus.
1395 1725 1535 1788 Rex
1553 1747 1771 1788 eorum
1793 1736 2203 1801 sacramenta,
2232 1735 2303 1788 ut
2316 1726 2668 1809 postulave-
2752 1734 2763 1739 ’

723 1837 873 1890 runt
900 1829 1100 1891 libens
1125 1831 1383 1913 accepit,
1398 1830 1748 1893 liberaliter
1772 1831 1863 1892 eis
1888 1830 2147 1893 donavit
2170 1832 2446 1912 gratiam
2471 1850 2668 1904 suam,

723 1934 998 1996 reddidit
1023 1936 1112 1997 eis
1137 1943 1363 1997 cuncta
1389 1956 1524 2017 quae
1550 1936 1973 2017 possederant,
2000 1936 2278 1998 habebat
2303 1957 2409 1999 eos
2433 1956 2669 2016 magno

721 2038 974 2100 honore.
1056 2036 1214 2101 Inde
1239 2040 1645 2121 progrediens
1689 2039 1963 2101 diversas
2004 2047 2215 2121 partes
2240 2040 2421 2121 regni
2466 2058 2667 2101 acces-

721 2145 822 2218 sit,
861 2144 1208 2207 ordinando
1246 2145 1474 2225 ubique
1518 2144 1705 2205 utilia
1730 2144 1850 2206 sibi
1877 2152 1942 2205 et
1972 2143 2191 2205 incolis
2216 2152 2419 2205 terrae.
2502 2144 2667 2224 Qua-

721 2268 845 2329 qua
881 2249 1202 2330 pergebat,
1254 2249 1323 2309 in
1363 2250 1555 2310 armis
1593 2269 1780 2309 nemo
1823 2248 2140 2311 manebat.
2224 2247 2365 2312 Iter
2418 2247 2663 2309 nullum

715 2354 1083 2427 obstruitur,
1124 2360 1455 2416 occurrunt
1495 2354 1726 2434 passim
1766 2354 2175 2433 obsequentes
2215 2360 2327 2414 aut
2352 2352 2665 2433 explican-

719 2466 832 2520 tes,
917 2456 1149 2520 Omnes
1174 2457 1280 2519 ille
1312 2456 1723 2519 clementibus
1761 2457 1954 2519 oculis
1988 2458 2277 2539 respexit,
2313 2456 2666 2518 clementis-

718 2565 893 2626 simis
911 2563 1176 2646 plebem.
1249 2562 1425 2644 Saepe
1440 2562 1621 2624 vultu
1640 2562 2043 2623 miserantem
2066 2563 2347 2623 animum
2366 2562 2663 2643 prodidit,

712 2669 898 2748 jussit
937 2667 1302 2729 multotiens
1339 2665 1851 2739 misericordiam,
1892 2685 2035 2726 cum
2076 2664 2380 2746 supplices
2420 2666 2661 2746 conspi-

718 2778 887 2832 ceret
913 2778 1025 2831 aut
1049 2790 1294 2850 egenos,
1320 2777 1556 2830 matres
1581 2767 2112 2830 animadverteret
2137 2788 2287 2830 voce
2303 2775 2370 2829 et
2382 2769 2662 2849 gestibus

716 2874 958 2956 precari
982 2893 1124 2933 cum
1151 2872 1384 2934 liberis.

798 2975 1190 3048 Athelinum,
1231 2995 1415 3056 quem
1449 2983 1590 3056 post
1618 2973 1890 3036 Heraldi
1914 2975 2163 3036 ruinam
2190 2974 2388 3057 Angli
2416 2973 2658 3057 Regem

643 3083 651 3091 '
717 3088 990 3142 statuere
1017 3079 1227 3141 conati
1253 3079 1521 3153 fuerant,
1562 3078 1789 3160 amplis
1830 3079 2015 3140 terris
2057 3079 2305 3153 ditavit,
2346 3088 2533 3160 atque
2587 3081 2655 3140 in

715 3184 1092 3246 charissimis
1117 3183 1342 3245 habuit
1361 3203 1540 3244 eum:
1585 3181 1749 3264 Quia
1774 3180 1967 3264 Regis
1987 3180 2284 3245 Edwardi
2303 3203 2499 3264 genus
2515 3204 2661 3245 con-

714 3290 949 3369 tigerat
970 3308 986 3362 ;
1029 3287 1135 3349 Ad
1179 3288 1316 3361 hoc,
1357 3307 1436 3348 ne
1479 3286 1737 3368 puerilis
1776 3294 1929 3348 aetas
1974 3285 2241 3346 nimium
2268 3285 2506 3347 doleret
2532 3307 2659 3348 non

712 3394 943 3456 habere
969 3393 1288 3467 honorem,
1315 3393 1398 3454 ad
1425 3412 1612 3474 quem
1632 3391 1862 3453 electus
1878 3391 2100 3452 fuerat.
2179 3387 2478 3470 Ejusdem
2505 3389 2659 3452 libe-

713 3498 986 3560 ralitatis
1010 3498 1173 3561 dono
1193 3505 1564 3579 acceperunt
1591 3495 1790 3576 Angli
1809 3494 2172 3576 complures,
2194 3494 2358 3575 quod
2378 3515 2417 3555 a
2436 3515 2657 3576 paren-

711 3604 882 3665 tibus
905 3602 1008 3666 vel
1022 3603 1332 3684 prioribus
1357 3602 1627 3664 dominis
1646 3621 1773 3662 non
1792 3606 2181 3680 acceperunt.
2264 3596 2562 3661 Custodes
2588 3600 2655 3661 in

712 3707 982 3770 castellis
1021 3715 1304 3769 strenuos
1349 3706 1516 3768 viros
1561 3703 1909 3778 collocavit,
1950 3724 2027 3765 ex
2074 3701 2272 3765 Gallis
2317 3703 2653 3778 traductOS,

711 3832 975 3894 quorum
1017 3811 1165 3872 fidei
1209 3811 1444 3892 pariter
1477 3829 1550 3870 ac
1596 3809 1821 3871 virtuti
1844 3808 2157 3881 credebat,
2197 3827 2339 3868 cum
2366 3806 2655 3869 multitu-

712 3917 858 3978 dine
897 3917 1177 3998 peditum
1216 3923 1282 3976 et
1320 3913 1623 3994 equitum.
1704 3910 1866 3994 Ipsis
1890 3911 2188 3993 opulenta
2211 3910 2513 3972 beneficia
2531 3912 2654 3974 dis-

709 4020 956 4092 tribuit,
981 4039 1095 4102 pro
1134 4018 1359 4099 quibus
1385 4016 1628 4078 labores
1664 4037 1737 4076 ac
1763 4015 2043 4096 pericula
2060 4013 2401 4076 libentibus
2426 4016 2655 4077 animis

709 4123 1070 4185 tolerarent.
1153 4120 1334 4182 Nulli
1375 4128 1589 4180 tamen
1641 4117 1824 4181 Gallo
1860 4119 2078 4179 datum
2127 4125 2221 4178 est
2247 4118 2413 4198 quod
2438 4118 2653 4200 Anglo

708 4230 999 4309 cuiquam
1024 4227 1250 4307 injuste
1270 4224 1462 4286 fuerit
1487 4223 1788 4286 ablatum.

790 4333 1040 4398 Guenta
1066 4330 1213 4392 urbs
1239 4336 1333 4392 est
1359 4327 1586 4391 nobilis
1613 4336 1799 4408 atque
1827 4327 2057 4390 valens.
2152 4325 2337 4390 Cives
2353 4349 2426 4390 ac
2454 4327 2651 4391 finiti-
