3192 5050
1195 611 1445 658 BREv1s
1485 611 1805 659 RELAno.
2404 593 2481 655 21

514 757 667 810 ante
705 750 1043 812 monachos
1063 750 1400 831 ‚ponebatz
1455 749 1624 831 quod
1670 770 1863 830 quum
1908 747 2283 830 perfecisset,
2337 767 2481 808 cum

510 873 750 934 magna
764 854 1147 928 humilitate,
1168 853 1464 916 veniebat
1480 861 1630 914 ante
1648 855 1967 927 abbatem,
1985 861 2051 915 et
2076 854 2163 914 sic
2190 853 2273 914 ab
2288 873 2363 914 eo
2382 872 2485 914 ac-

517 964 705 1036 cepta
739 957 1015 1030 licentia,
1062 956 1242 1018 laetus
1267 965 1333 1017 et
1374 957 1657 1039 gaudens
1704 957 1841 1019 ibat
1877 958 1960 1018 ad
2002 958 2243 1018 curiam
2280 976 2479 1030 suam,

511 1057 876 1139 Aliquando
895 1081 1048 1122 vero
1074 1061 1152 1120 de
1179 1080 1295 1122 sua
1319 1079 1537 1122 mensa
1561 1061 1864 1122 mittebat
1890 1062 2115 1122 abbati
2140 1058 2481 1142 {scutellam

510 1170 879 1242 argenteam
907 1162 1158 1243 plenam
1194 1163 1484 1244 piscibus,
1512 1171 1578 1224 et
1595 1163 1942 1226 mandabat
1968 1164 2029 1224 ei
2055 1171 2127 1223 ut
2154 1183 2295 1224 eam
2332 1163 2482 1223 reti-

511 1273 710 1338 neret,
733 1274 922 1347 atque
951 1267 1097 1327 inde
1137 1285 1315 1328 suam
1344 1265 1739 1328 voluntatem
1785 1267 2037 1328 faceret.
2122 1264 2252 1326 Iste
2280 1266 2481 1327 bonus

514 1366 840 1443 RicarduS,
869 1390 994 1430 non
1043 1369 1245 1432 solum
1273 1370 1546 1432 ecclesiae
1591 1369 1891 1432 Fiscanni
1916 1370 2123 1432 multa
2149 1371 2342 1442 dedit,
2370 1371 2480 1431 sed

512 1473 706 1533 etiam
753 1473 896 1534 aliis
949 1474 1240 1536 ecclesiis,
1326 1473 1611 1556 Quadam
1648 1494 1799 1536 vero
1837 1481 2022 1536 nocte
2061 1475 2264 1555 jacuit
2309 1474 2480 1556 apud

517 1573 960 1650 Gemmetiam,
1001 1598 1188 1639 mane
1237 1598 1385 1639 vero
1423 1597 1703 1658 surgens,
1732 1578 1895 1638 sicut
1936 1597 2049 1638 sua
2094 1578 2478 1638 consuetudo

512 1697 756 1759 semper
802 1687 960 1752 erat,
1007 1681 1285 1760 perrexit
1324 1700 1504 1742 orare
1537 1680 1621 1741 ad
1660 1680 2148 1753 monasterium3
2193 1681 2301 1760 qui
2336 1688 2477 1762 post

505 1783 876 1855 orationem,
903 1784 1110 1864 posuit
1137 1803 1322 1864 super
1343 1783 1544 1855 altare
1565 1803 1762 1844 unum
1773 1781 2094 1844 fussellum
2114 1803 2128 1842 ε
2150 1783 2478 1846 recedente

507 1906 656 1946 vero
684 1886 796 1949 illo
823 1896 1130 1949 venerunt
1139 1888 1426 1949 seretarii
1453 1888 1536 1950 ad
1561 1887 1783 1960 altare,
1809 1895 2105 1968 putantes
2143 1908 2207 1948 se
2235 1889 2328 1949 ibi
2346 1909 2477 1950 esse

512 1990 879 2052 inventuros
904 1991 1006 2052 vel
1033 2011 1314 2059 marcam
1341 1992 1502 2064 auri,
1528 1990 1631 2053 vel
1658 1990 1929 2065 unciam,
1965 1989 2069 2051 vel
2094 1990 2336 2072 aliquid
2361 1992 2477 2053 hu-

506 2094 822 2172 jusmodi:
865 2095 1242 2156 invenerunt
1277 2096 1492 2175 itaque
1532 2092 1893 2166 sussellum3
1937 2101 2126 2174 atque
2167 2094 2319 2174 quid
2358 2094 2477 2156 hoc

511 2193 898 2276 significaret
943 2218 1069 2258 non
1112 2218 1337 2279 parum
1381 2198 1605 2258 mirari
1650 2203 2005 2277 coeperunt3
2051 2197 2134 2257 ad
2177 2197 2477 2258 ultimum

512 2299 932 2378 inquisierunt
959 2301 1042 2362 ab
1067 2321 1142 2362 eo
1169 2301 1322 2382 quid
1340 2301 1460 2362 hoc
1477 2307 1658 2373 esset,
1678 2299 1846 2380 quod
1860 2319 2046 2380 super
2072 2299 2275 2361 altare
2294 2299 2476 2362 illum

513 2401 835 2464 fussellum
877 2405 1200 2485 posuisset.
1285 2403 1465 2466 Tunc
1492 2403 1817 2484 respondit
1843 2402 1939 2475 iis,
1979 2403 2147 2483 quod
2172 2402 2292 2463 hoc
2318 2413 2481 2465 esset

520 2503 1082 2583 Vimonastimum,
1137 2509 1377 2572 scilicet
1409 2507 1727 2590 quoddam
1767 2506 2120 2568 manerium
2158 2507 2324 2587 quod
2350 2507 2483 2589 ipse

513 2610 640 2671 illis
667 2633 781 2692 pro
807 2614 1022 2675 anima
1047 2634 1160 2675 sua
1185 2613 1398 2675 dabat.

591 2713 750 2775 Haec
776 2716 855 2776 de
894 2714 1168 2779 Ricardo
1206 2718 1436 2779 comite
1476 2716 1651 2778 dicta
1674 2714 2009 2789 sufficiant,
2044 2716 2331 2796 quamvis
2356 2736 2483 2777 non

511 2818 750 2898 possint
765 2818 948 2879 facile
975 2822 1192 2881 omnia
1214 2820 1384 2883 bona
1409 2840 1544 2903 quae
1569 2819 1723 2881 fecit
1743 2819 1981 2880 referri.

597 2918 696 2981 De
725 2919 1007 2983 Roberto
1022 2944 1173 2986 vero
1192 2924 1443 2997 comite,
1471 2921 1605 2985 filio
1632 2924 1783 3003 ejus,
1810 2930 1877 2983 et
1904 2921 1981 2983 de
2002 2920 2336 2985 Willelmo
2350 2921 2485 2985 filio

513 3021 778 3087 Roberti
796 3027 1064 3101 comitis,
1092 3028 1200 3108 qui
1228 3026 1534 3109 Angliam
1560 3024 1975 3108 conquisivit3
2016 3026 2166 3106 quia
2180 3026 2328 3087 inde
2347 3028 2485 3107 jam

513 3130 666 3189 satis
706 3129 999 3204 diximuS,
1043 3152 1172 3193 non
1219 3138 1316 3193 est
1355 3152 1510 3213 opus
1555 3129 1828 3211 amplius
1869 3130 2021 3210 quid
2063 3130 2290 3192 dicere.
2383 3128 2484 3193 Dc

515 3231 850 3295 Willelmo
877 3242 1094 3297 tamen
1121 3236 1240 3297 hoc
1267 3236 1482 3297 audivi
1512 3235 1679 3316 quod
1708 3255 1901 3317 quum
1928 3242 2117 3296 natus
2152 3234 2391 3307 fuisset,
2418 3244 2487 3296 et

517 3357 701 3417 super
745 3338 1058 3417 quoddam
1103 3347 1382 3400 stramen
1428 3339 1594 3419 quod
1644 3339 1735 3399 ibi
1762 3348 1901 3400 erat
1938 3358 2086 3399 casu
2128 3346 2485 3420 poneretur,

516 3441 736 3501 ambas
759 3441 1051 3503 manulas
1089 3463 1231 3503 suas
1258 3463 1443 3524 super
1463 3450 1741 3504 stramen
1783 3443 2049 3523 projecit
2071 3462 2086 3515 3
2127 3461 2354 3522 easque
2376 3441 2487 3504 illo

519 3543 820 3604 stramine
847 3542 1065 3624 plenas
1091 3566 1277 3627 super
1303 3553 1520 3627 pectus
1548 3565 1731 3606 suum
1754 3544 2067 3626 apparuit.

524 3854 606 3916 In
646 3856 818 3919 calce
845 3857 1031 3939 hujus
1075 3857 1275 3921 libelli
1301 3860 1370 3920 in
1423 3860 1645 3921 eadem
1686 3860 2012 3940 scriptura
2052 3860 2360 3941 adjicitur
2386 3882 2490 3923 ca—

602 3960 852 4041 taloyus
871 3963 1414 4042 suppeditantium
1459 3984 1654 4025 ‘naves
1708 3964 1799 4025 ad
1824 3964 2283 4044 expeditionem
2343 3962 2491 4027 Wil-

603 4062 774 4125 lelmi
800 4066 1042 4127 comitis
1067 4066 1138 4127 in
1164 4065 1495 4146 Anyliam.

522 4163 890 4229 Willelmus
910 4168 1038 4229 dux
1057 4166 1578 4231 Normannornm
1594 4170 1857 4231 veniens
1872 4170 1939 4229 in
1962 4168 2267 4251 Angliam
2287 4168 2370 4230 ob
2391 4190 2491 4231 ac-

522 4272 898 4352 quirendum
929 4293 1194 4353 regnum
1218 4276 1360 4354 jure
1391 4274 1506 4335 sibi
1533 4276 1821 4336 debitum
1848 4272 2075 4335 habuit
