3192 5050
715 619 794 681 58
1077 637 1289 682 semp,
1333 635 1577 680 RERUM
1620 635 1811 680 GEsT.
1856 635 2211 682 WILLELMI
2282 635 2329 681 1.

715 786 866 839 runt
893 776 1370 859 Engelrannum
1400 779 1699 840 comitem
1729 781 1796 839 in
1824 787 2099 840 castrum
2126 779 2369 840 intrare
2390 779 2694 839 festinan-

713 889 867 965 tem,
924 884 1250 964 ipsumque
1314 883 1568 944 fortiter
1620 891 2033 965 pugnantem,
2101 883 2253 964 quia
2305 882 2489 943 miles
2552 889 2693 942 erat

715 987 1112 1067 asperrimuS,
1138 986 1520 1060 occiderunt,
1547 995 1615 1048 et
1642 989 1901 1068 agmina
1917 991 2051 1068 ejus
2076 987 2477 1070 fugaverunt.
2564 986 2691 1048 Ob-

713 1089 954 1151 sidione
1006 1091 1189 1171 gravi
1252 1089 1617 1152 Castrenses
1642 1093 1906 1164 coercui,
1949 1100 2017 1153 et
2041 1095 2362 1174 perjurum
2390 1093 2691 1153 comitem

713 1195 964 1256 exulare
1013 1196 1211 1276 coegi,
1254 1215 1370 1255 nec
1412 1196 1480 1255 in
1521 1197 1699 1256 omni
1739 1197 1879 1257 vita
1920 1216 2033 1258 sua
2075 1197 2281 1258 redire
2310 1197 2393 1258 ad
2420 1197 2487 1256 id
2524 1195 2693 1277 quod

715 1297 1032 1369 amiserat,
1059 1298 1336 1378 permisi.
1400 1296 1775 1360 Protervum
1806 1319 2047 1380 quoque
2067 1299 2416 1381 praesulem,
2445 1300 2553 1379 qui
2578 1319 2695 1359 nec

717 1397 856 1463 Deo
884 1401 1167 1474 devotuS,
1195 1421 1314 1461 nec
1339 1401 1502 1460 mihi
1529 1399 1693 1461 fidus
1718 1410 1876 1475 erat,
1904 1403 1982 1464 de
2010 1400 2367 1484 pontificali
2408 1402 2553 1462 sede
2580 1422 2694 1482 per

713 1505 1032 1566 decretum
1066 1502 1256 1586 Papae
1296 1505 1574 1587 deposui,
1619 1512 1685 1564 et
1708 1504 2087 1566 Maurilium
2116 1505 2545 1568 venerabilem
2574 1525 2694 1565 coe-

714 1608 1019 1680 nobitam,
1060 1627 1246 1689 quem
1272 1609 1435 1668 mihi
1475 1607 1652 1669 Deus
1691 1608 1769 1668 de
1812 1606 2141 1671 Florentia
2180 1609 2440 1670 civitate
2483 1606 2693 1668 Italiae

717 1712 1172 1784 transmiserat,
1200 1713 1266 1771 in
1295 1710 1433 1772 loco
1459 1713 1592 1791 ejus
1620 1712 1976 1792 subrogavi.

795 1811 1280 1876 HENRICUS
1301 1813 1502 1894 regali
1521 1816 1811 1895 potentia
1826 1815 2043 1890 fretus,
2060 1824 2127 1877 et
2141 1814 2410 1876 militari
2430 1815 2695 1876 audacia

713 1920 1008 1993 fervidus,
1048 1919 1445 2000 hostiumque
1485 1939 1770 1980 meorum
1808 1920 2324 2001 derogationibus
2350 1920 2691 1982 admodum

717 2023 1098 2095 stimulatuS,
1125 2041 1285 2102 saepe
1311 2023 1482 2083 visus
1508 2029 1605 2082 est
1631 2042 1733 2083 me
1760 2022 1935 2084 velut
1969 2025 2276 2084 inermem
2304 2022 2689 2094 conculcare,

718 2128 1056 2208 multisque
1071 2127 1277 2188 modis
1292 2137 1611 2207 proterere
1633 2134 1699 2187 et
1718 2126 2004 2188 indebita
2018 2127 2179 2189 mihi
2190 2130 2337 2208 jura
2352 2128 2694 2208 imponere.

723 2229 962 2312 Saepius
1015 2251 1158 2292 cum
1203 2230 1451 2310 ingenti
1505 2238 1896 2290 armatorum
1944 2251 2139 2291 manu
2191 2238 2430 2291 terram
2484 2249 2695 2291 meam

716 2337 1032 2417 ingressus
1077 2342 1191 2396 est.
1270 2333 1398 2396 Sed
1443 2354 1768 2415 nunquam
1812 2334 1889 2394 de
1937 2334 2149 2413 praeda
2176 2334 2509 2415 spoliisque
2536 2335 2697 2394 meis

717 2439 1169 2519 hominumque
1195 2458 1479 2499 meorum
1507 2445 1774 2518 captura
1798 2437 2051 2517 gavisus
2078 2444 2193 2498 est.
2278 2435 2437 2498 Cum
2466 2438 2695 2516 grandi

715 2562 950 2624 pompa
972 2544 1103 2604 min
1111 2543 1283 2623 isque
1309 2541 1703 2602 terribilibus
1729 2541 2095 2621 plerumque
2123 2539 2280 2601 fines
2296 2560 2469 2601 meos
2495 2541 2696 2601 intra-

716 2648 830 2720 vit,
841 2646 950 2707 sed
966 2666 1290 2727 nunquam
1311 2645 1492 2705 laetus
1507 2665 1625 2705 nec
1634 2644 1768 2704 sine
1786 2643 2087 2706 dedecore
2104 2643 2187 2705 ad
2206 2663 2321 2705 sua
2340 2644 2693 2725 repedavit.

718 2749 943 2811 Plures
996 2769 1208 2811 secum
1261 2748 1544 2810 valentes
1596 2748 1720 2808 huc
1778 2747 2062 2821 adduxit,
2119 2767 2271 2828 quos
2327 2748 2475 2829 quia
2549 2769 2695 2810 meo

715 2872 1122 2932 meorumque
1149 2850 1381 2932 gladio,
1409 2850 1570 2931 proh
1599 2849 1797 2922 dolor,
1824 2850 2165 2931 perierant,
2190 2871 2319 2911 non
2347 2851 2618 2912 reduxit.

801 2954 1270 3038 QUONDAM
1310 2954 1502 3013 nimis
1529 2961 1755 3014 contra
1778 2974 1881 3014 me
1909 2952 2347 3017 inflammatus
2372 2956 2699 3037 ingentem

715 3059 1063 3121 exercitum
1096 3055 1318 3120 Galliae
1345 3057 1412 3116 in
1440 3056 1595 3116 duas
1636 3063 1850 3136 partes
1877 3056 2094 3119 divisit
2120 3078 2233 3118 rex
2260 3056 2598 3130 HenricuS,
2626 3065 2701 3118 ut

717 3171 963 3225 nostros
989 3161 1376 3243 opprimeret
1414 3158 1642 3220 fundos
1682 3160 1954 3241 geminis
1994 3160 2470 3242 irruptionibuS,
2553 3160 2698 3241 Ipse

717 3288 911 3329 unam
951 3266 1335 3347 phalangem
1363 3265 1430 3325 in
1459 3262 1909 3325 Ebroicensem
1937 3264 2254 3338 diocesim,
2296 3273 2372 3326 ut
2396 3285 2589 3346 usque
2618 3266 2701 3325 ad

726 3370 1086 3452 Sequanam
1114 3369 1331 3430 omnia
1346 3367 1723 3441 devastaret,
1752 3367 2125 3441 introduxit,
2152 3367 2467 3450 aliamque
2494 3367 2703 3430 Odoni

723 3474 912 3535 fratri
939 3494 1050 3535 suo
1077 3492 1151 3533 ac
1185 3469 1502 3533 Rainaldo
1529 3470 1607 3531 de
1639 3469 2044 3532 Glaromonte
2073 3479 2138 3532 et
2166 3470 2407 3532 duobus
2434 3471 2702 3533 consuli-

714 3579 831 3639 bus
843 3576 1119 3641 Radulfo
1131 3575 1208 3635 de
1227 3574 1455 3636 Monte
1477 3572 1796 3635 Desiderii
1816 3581 2005 3653 atque
2027 3572 2304 3636 Gnidoni
2330 3574 2407 3634 de
2431 3572 2704 3636 Pontivo

713 3680 1199 3753 commendavit,
1211 3687 1283 3739 ut
1298 3698 1412 3758 per
1429 3677 1595 3739 vada
1606 3675 1793 3757 Eptae
1807 3676 2179 3739 Neustriam
2196 3678 2323 3739 cito
2342 3678 2702 3751 introirent,

718 3785 982 3847 Braium
1005 3792 1070 3845 et
1114 3780 1478 3862 Calcegium
1506 3787 1840 3860 totumque
1865 3778 2440 3861 Rothomagensem
2466 3800 2703 3861 pagum

710 3890 1102 3960 invaderent,
1149 3886 1317 3947 ferro
1363 3892 1430 3945 et
1472 3881 1735 3945 flamma
1785 3903 2029 3945 necnon
2071 3883 2311 3964 rapinis
2350 3904 2546 3963 usque
2615 3885 2701 3945 ad

719 4012 894 4054 mare
920 3990 1172 4072 penitus
1215 3988 1637 4049 devastarent.
1720 3983 1879 4047 Haec
1907 3986 2125 4066 itaque
2152 3986 2543 4066 comperiens
2585 4007 2706 4068 ego

715 4104 974 4157 econtra
1013 4114 1138 4154 non
1196 4091 1403 4171 segnis
1442 4090 1732 4170 processi,
1762 4097 1986 4152 contra
2024 4089 2191 4169 regis
2230 4089 2553 4170 mappalia
2590 4111 2705 4171 per

693 4201 898 4263 -littus
931 4197 1235 4278 Sequanae
1261 4216 1404 4256 cum
1432 4194 1591 4254 meis
1632 4213 1734 4254 me
1762 4212 2012 4274 semper
2038 4193 2322 4272 opposui,
2350 4201 2418 4255 et
2444 4194 2707 4257 ubicun-
