3192 5050
950 669 1305 716 ExcERPTA
1347 671 1436 716 DE
1476 670 1640 715 vrrA
1683 671 2052 718 WILLELMI.
2402 659 2478 722 57

507 822 579 876 ta
604 832 747 875 mea
772 812 958 887 filius,
986 813 1227 874 malum
1254 814 1417 874 mihi
1442 832 1557 893 pro
1584 815 1752 876 bono
1778 815 2071 877 reddidit.
2161 814 2331 878 Nam
2353 835 2474 898 ego

506 937 653 978 eum
680 917 758 978 de
785 917 915 978 alia
928 920 1183 998 regione
1200 917 1654 979 adventantem
1681 919 2041 1000 benigniter
2065 940 2480 999 susceperam,

505 1041 582 1082 ac
608 1030 681 1083 ut
707 1023 963 1082 unicum
991 1022 1256 1082 fratrem
1282 1022 1762 1094 honoraveram,
1791 1031 1978 1103 atque
2007 1022 2380 1085 Vernonum
2407 1033 2476 1086 et

509 1122 838 1186 Brioniam
865 1132 1235 1205 partemque
1268 1122 1682 1186 Normannioe
1708 1145 1836 1186 non
1863 1126 2176 1187 modicam
2205 1127 2475 1189 donave-

505 1249 665 1290 ram.
749 1227 871 1289 Ille
916 1249 1069 1290 vero
1109 1229 1319 1291 verbis
1360 1236 1427 1289 et
1474 1229 1720 1289 actibus
1763 1229 1927 1288 mihi
1972 1229 2319 1310 derogavit,
2372 1251 2476 1292 me

504 1333 773 1395 nothum
815 1334 1312 1414 degeneremque
1339 1341 1406 1394 et
1430 1333 1791 1413 principatu
1829 1333 2163 1413 indignum
2204 1335 2477 1396 detesta-

506 1445 611 1498 tus
642 1437 972 1517 judicavit,
1014 1445 1081 1497 et
1125 1436 1443 1498 hostiliter
1488 1435 1865 1498 diffamavit.
1952 1437 2117 1518 Quid
2168 1438 2355 1516 plura
2379 1459 2475 1500 re-

504 1539 753 1602 feram}
834 1539 1060 1600 Fidem
1097 1559 1275 1600 suam
1320 1539 1483 1599 mihi
1510 1541 1816 1602 mentitus
1859 1541 1926 1600 in
1973 1561 2077 1601 me
2119 1541 2472 1615 rebellavit,

506 1661 913 1724 proceresque
934 1661 1108 1704 meos
1130 1641 1503 1704 Rainulfum
1533 1640 1945 1704 Baiocensem
1973 1662 2048 1704 ac
2076 1641 2481 1724 Haymonem

507 1745 883 1819 Dentatum,
910 1754 977 1806 et
1007 1744 1337 1827 Nigellum
1366 1745 1444 1806 de
1490 1744 1928 1818 ConstantinO,
1947 1745 2224 1826 aliosque
2245 1747 2477 1809 multos

502 1848 664 1908 mihi
703 1849 1036 1921 subtraxit,
1076 1868 1408 1929 secumque
1449 1851 1732 1928 perjuros
1771 1867 1902 1909 esse
1943 1848 2186 1910 nefario
2225 1851 2473 1912 monitu

502 1954 731 2033 coegit.
817 1951 1163 2014 Immemor
1210 1954 1423 2033 itaque
1478 1952 1749 2013 hominii
1795 1961 1862 2013 et
1909 1951 2237 2014 fidelitatis
2282 1973 2471 2035 quam

504 2056 664 2116 mihi
677 2059 1023 2136 juraverat,
1050 2063 1255 2116 totam
1289 2053 1755 2116 Normanniam
1783 2055 2028 2116 auferre
2055 2057 2306 2138 sategit.
2370 2055 2476 2118 Sic

505 2159 705 2239 igitur
721 2157 930 2219 adhuc
959 2158 1261 2219 imberbis
1288 2159 1355 2218 in
1383 2157 1565 2218 illum
1592 2166 1846 2219 coactus
1871 2176 2010 2218 sum
2039 2177 2220 2219 arma
2244 2159 2473 2233 levare,

504 2270 571 2323 et
624 2263 693 2322 in
740 2261 1012 2340 planicie
1068 2261 1238 2340 apud
1300 2259 1699 2322 Valesdunas
1762 2268 1984 2322 contra
2035 2262 2475 2323 consobrinum

501 2365 945 2445 hominemque
972 2385 1185 2426 meum
1212 2364 1537 2424 dimicare.
1603 2363 1781 2425 Tunc
1802 2363 2149 2425 auxiliante
2178 2363 2337 2438 Deo,
2366 2368 2475 2446 qui

495 2470 703 2549 justus
733 2469 927 2549 judex
945 2475 1061 2542 est,
1101 2469 1270 2535 inter
1293 2465 1644 2529 Gadomum
1671 2475 1738 2528 et
1765 2467 2231 2549 Argentonium
2267 2470 2480 2533 hostes

498 2572 659 2633 vici:
686 2571 913 2652 quibus
938 2579 1097 2632 nutu
1117 2570 1244 2633 Dei
1272 2572 1549 2632 subrutis
1568 2572 1848 2652 patrium
1862 2574 1966 2652 jus
1991 2570 2188 2633 libere
2209 2575 2472 2651 possedi.

501 2672 751 2735 Deinde
788 2675 1210 2736 munitionem
1242 2673 1517 2736 Brioniae
1542 2675 1779 2736 obsedi.
1812 2673 2165 2737 Gnidonem
2188 2676 2478 2741 vulnera-

498 2786 659 2851 tum,
686 2785 753 2839 et
792 2779 871 2838 de
897 2777 1065 2839 bello
1111 2777 1266 2858 filga
1305 2778 1587 2859 elapsum
1618 2778 1862 2852 inclusi,
1887 2798 2005 2841 nec
2031 2780 2179 2841 inde
2205 2780 2477 2855 discessi,

496 2880 695 2943 donec
714 2881 961 2943 hostem
980 2881 1305 2963 publicum
1325 2882 1403 2942 de
1433 2879 1742 2943 Neustria
1768 2881 2136 2962 expulerim,
2163 2892 2232 2944 et
2245 2893 2476 2947 cuncta

498 2986 635 3065 ejus
660 2985 1025 3046 munimina
1048 2985 1454 3046 obtinuerim.

579 3087 649 3150 N
648 3108 732 3150 on
758 3088 962 3149 multo
981 3097 1124 3170 post
1150 3088 1281 3150 alia
1305 3088 1467 3149 mihi
1492 3088 1871 3169 gravissima
1887 3088 2235 3151 adversitas
2249 3091 2476 3153 oborta

494 3200 611 3254 est.
722 3190 949 3253 Patrui
1008 3212 1283 3273 namque
1337 3192 1466 3253 mei
1520 3190 1876 3273 Malgerius
1948 3190 2478 3274 Rothomagensis

496 3295 1043 3377 Archiepiscopus,
1068 3303 1134 3356 et
1163 3294 1541 3357 Guillelmus
1566 3294 1768 3357 frater
1797 3298 1950 3376 ejus,
1991 3296 2093 3356 cui
2135 3296 2382 3359 Archas
2409 3305 2478 3359 et

500 3397 892 3461 Comitatum
924 3398 1173 3481 Oalogii
1227 3400 1431 3481 gratis
1476 3399 1796 3473 dederam,
1840 3418 1942 3461 me
1989 3398 2165 3461 velut
2205 3399 2474 3461 nothum

495 3511 1024 3584 contempserunt:
1064 3512 1134 3565 et
1186 3502 1540 3565 Henricum
1594 3524 1831 3585 regem,
1873 3510 1939 3564 et
1989 3501 2472 3584 Engelrannum

493 3607 795 3668 comitem
820 3606 1079 3669 Pontivi
1107 3615 1331 3669 contra
1345 3626 1447 3667 me
1468 3606 1910 3668 accersierunt.
1974 3605 2134 3668 Mox
2149 3626 2287 3688 eg0,
2310 3616 2384 3669 ut
2409 3610 2478 3669 in

497 3707 916 3772 Constantino
931 3711 1291 3792 hujusmodi
1311 3730 1594 3771 rumores
1615 3710 1851 3783 audivi,
1872 3708 2092 3771 multis
2112 3710 2474 3773 dissuaden-

493 3813 667 3874 tibus
706 3814 831 3875 iter
854 3815 1033 3876 inivi.
1115 3814 1498 3895 Aliquantos
1523 3815 1780 3887 militeS,
1819 3816 1928 3896 qui
1955 3814 2366 3877 ferventiores
2391 3818 2476 3879 ad

495 3917 658 3979 ictus
684 3918 925 3980 dandos
950 3926 1136 3980 erant
1163 3919 1411 3981 Archas
1437 3920 1732 4001 praemisi,
1770 3926 1837 3980 et
1864 3920 1994 3999 ipse
2023 3938 2166 3979 cum
2194 3921 2476 3982 exercitu

492 4040 621 4082 non
672 4023 903 4103 grandi
955 4024 1370 4104 subsequutus
1439 4024 1706 4085 arduam
1760 4022 2181 4083 munitionem
2237 4023 2472 4085 obsedi.

497 4123 624 4188 Sed
655 4135 999 4208 antequam
1027 4148 1198 4201 rura,
1226 4147 1364 4209 quae
1390 4128 1561 4189 inter
1589 4128 1716 4189 duo
1744 4126 2012 4189 flumina
2037 4135 2205 4200 sunt,
2238 4125 2470 4191 Sedam

494 4238 561 4292 et
592 4228 954 4293 Garennam
982 4232 1356 4312 attigissem,
1396 4251 1806 4312 praecursores
1831 4232 1960 4294 mei
2008 4251 2476 4314 praeoccupave-

2065 4349 2108 4395 Ε
2149 4334 2189 4395 2
