3192 5050
723 605 803 670 22
1085 626 1298 674 semp,
1341 627 1585 676 RERUM
1626 629 1816 676 GEsr.
1860 629 2213 677 WILLELMI
2284 631 2330 677 1.

728 762 792 823 A
819 761 1153 826 Willelmo
1182 765 1464 847 dapifero
1491 764 1625 828 filio
1658 765 1924 829 Osberni
1944 768 2023 831 60
2050 788 2261 830 naves.
2296 765 2307 772 ”

728 865 835 926 Ab
864 864 1146 947 Hugone
1172 877 1394 950 postea
1419 871 1651 932 comite
1679 871 1757 932 de
1790 871 2036 934 Oestria
2062 873 2350 933 totidem.

726 970 834 1033 Ab
862 970 1138 1054 Hugone
1167 974 1245 1035 de
1273 973 1669 1038 Mumfordia.
1695 974 1771 1037 50
1799 997 1991 1040 naves
2007 986 2072 1038 et
2092 977 2171 1040 60
2197 976 2435 1055 milites
2462 977 2649 1037 rumi.

723 1072 786 1136 A
809 1074 1014 1139 Romo
1042 1077 1554 1158 Eleemosynario
1575 1076 1874 1142 Fiscanni
1898 1089 2117 1162 postea
2131 1081 2418 1162 episcopo
2437 1077 2688 1141 Lincol-

883 1182 1087 1243 niensi
1113 1203 1306 1245 unam
1327 1203 1554 1245 navem
1575 1205 1721 1245 cum
1748 1183 1827 1245 20
1853 1184 2182 1246 militibus.

718 1283 783 1346 A
806 1283 1074 1347 Nicolao
1110 1286 1340 1348 abbate
1369 1287 1446 1348 de
1462 1295 1679 1349 sancto
1693 1287 2002 1350 Audoeno
2024 1288 2105 1350 15
2144 1309 2335 1351 naves
2377 1308 2521 1349 cum
2565 1285 2684 1348 100

880 1389 1208 1451 militibus.

721 1495 784 1558 A
814 1493 1094 1556 Roberto
1121 1496 1351 1557 comite
1375 1495 1683 1577 Augiensi
1711 1496 1789 1558 60
1818 1516 2027 1559 naves.

721 1598 782 1659 A
812 1596 1089 1659 Fulcone
1119 1595 1350 1660 Dauno
1377 1599 1456 1660 40
1484 1620 1694 1662 naves,

713 1701 778 1764 A
809 1701 1080 1765 Geraldo
1107 1703 1392 1784 dapifero
1417 1705 1707 1764 totidem.

715 1804 780 1868 A
807 1805 1140 1868 Willelmo
1162 1808 1392 1868 comite
1413 1805 1705 1868 Deurons
1732 1807 1811 1868 80
1839 1827 2049 1869 naves.

713 1909 776 1972 A
806 1907 1057 1990 Rogero
1085 1909 1161 1970 de
1191 1908 1631 1991 Montgumeri
1658 1909 1737 1972 60
1764 1930 1974 1972 naves.

708 2012 773 2075 A
803 2010 1053 2094 Rogero
1081 2013 1159 2074 de
1190 2011 1547 2075 Beaumont
1573 2013 1653 2076 60
1680 2033 1890 2075 naves,

708 2118 814 2179 Ab
848 2114 1068 2179 Odone
1094 2115 1406 2198 Episcopo
1431 2117 1508 2178 de
1539 2115 1790 2179 Baiocis
1817 2116 1935 2178 100
1962 2137 2172 2178 naves.

703 2220 766 2283 A
794 2220 1045 2302 Rogero
1073 2223 1150 2282 de
1180 2220 1607 2283 Mortuomari
1633 2220 1769 2282 120.

703 2325 766 2388 Α
794 2324 1090 2387 Waltero
1122 2323 1405 2387 Giffardo
1431 2324 1510 2386 30
1539 2346 1685 2386 cum
1713 2324 1832 2386 100
1858 2324 2189 2386 militibus,

782 2427 988 2490 Extra
1013 2429 1128 2490 has
1155 2448 1345 2490 naves
1362 2449 1498 2510 quae
1541 2436 1921 2510 computatae
1942 2427 2129 2489 simul
2172 2426 2347 2487 misse
2369 2425 2667 2501 efficiunt,

703 2533 933 2594 habuit
986 2532 1114 2593 dux
1168 2552 1207 2593 a
1262 2532 1638 2613 quibusdam
1710 2532 1839 2593 suis
1891 2530 2255 2593 hominibus
2329 2533 2671 2593 secundum

695 2634 1181 2717 possibilitatem
1210 2636 1397 2696 unius
1423 2638 1720 2716 cujusque
1747 2634 1984 2694 multas
2012 2633 2169 2694 alias
2194 2654 2404 2695 naves

707 2756 716 2765 ·
781 2737 1076 2805 Matildis
1090 2745 1311 2819 postea
1326 2738 1568 2819 regina,
1583 2737 1864 2819 ejusdem
1878 2736 2053 2798 ducis
2070 2756 2245 2810 uxor,
2265 2738 2348 2798 ad
2363 2738 2668 2801 honorem

702 2841 879 2902 ducis
903 2840 1057 2902 fecit
1083 2838 1247 2902 effici
1273 2861 1524 2914 navem,
1553 2860 1692 2921 quae
1716 2840 2065 2902 vocabatur
2079 2837 2288 2913 Mora,
2306 2840 2373 2900 in
2392 2860 2519 2922 qua
2532 2844 2663 2924 ipse

698 2945 827 3006 dux
854 2953 1072 3007 vectus
1099 2952 1212 3006 est.
1296 2942 1376 3005 In
1404 2964 1595 3026 prora
1614 2942 1893 3024 ejusdem
1912 2944 2094 3005 navis
2110 2942 2261 3004 fecit
2281 2941 2421 3005 fieri
2442 2947 2662 3007 eadem

697 3046 993 3109 Matildis
1013 3047 1399 3109 infantulum
1426 3048 1505 3108 de
1533 3068 1706 3120 auro,
1734 3047 1957 3109 dextro
1976 3046 2185 3108 indice
2202 3057 2661 3112 monstrantem

694 3151 800 3213 An
805 3151 1024 3233 gliam,
1043 3159 1108 3212 et
1125 3152 1383 3213 sinistra
1397 3171 1593 3212 manu
1610 3150 2083 3233 imprimentem
2099 3172 2295 3213 cornu
2312 3153 2659 3218 eburneum

687 3256 822 3328 ori3
864 3275 979 3336 pro
1006 3274 1130 3335 quo
1156 3253 1329 3316 facto
1356 3254 1485 3316 dux-
1515 3256 1822 3317 concessit
1848 3255 2053 3317 eidem
2086 3253 2351 3317 Matildi
2396 3260 2659 3321 comita-

687 3366 827 3419 tum
859 3356 1118 3419 Cantiae.

726 3564 1117 3646 Genealoy’m
1145 3584 1285 3645 quae
1311 3565 1611 3645 sequitur,
1665 3565 1736 3626 in
1784 3566 1992 3630 codice
2018 3567 2226 3633 Musei
2252 3567 2615 3633 Britannici

1520 3669 1814 3732 eccam-it.

759 3796 876 3860 Ine
903 3796 1196 3877 regnavit
1222 3795 1301 3860 37
1329 3796 1529 3857 annis.

733 3899 908 3967 Post
935 3921 1078 3961 eum
1108 3900 1403 3980 regnavit
1430 3897 1865 3962 Ethelhardus
1893 3904 2076 3965 annis
2104 3903 2200 3965 14.

749 4003 903 4067 Post
926 4003 1095 4064 hunc
1125 4000 1483 4086 Ctuthredus
1511 4004 1697 4071 annis
1724 4002 1821 4065 13.

752 4108 1119 4190 Sigebertus
1147 4106 1441 4185 regnavit
1467 4125 1637 4168 anno
1669 4105 1725 4168 1.

745 4210 1142 4295 Cynewulfus
1171 4210 1463 4291 regnavit
1491 4210 1676 4271 annis
1700 4208 1801 4272 30.
