3192 5050
574 574 656 636 28
1057 593 1270 643 semp.
1298 593 1544 643 RERUM
1571 594 1762 644 GEsr.
1793 595 2146 646 WILLELm
2175 599 2221 647 1.

574 731 842 798 Finibus
867 737 1140 800 occiduis
1167 759 1303 820 quae
1329 739 1523 820 gessit
1542 740 1721 820 regia
1745 739 1951 821 proles

572 837 960 916 Willelmus,
989 843 1194 904 titulis
1220 842 1508 904 commisi
1536 844 1945 924 posteritatis.

573 939 748 1003 Nam
770 944 891 1006 sibi
918 946 1237 1008 sublatum
1259 967 1524 1028 regnum
1545 947 1783 1009 virtute
1805 947 2094 1022 redemit,

572 1042 662 1106 Et
686 1047 891 1110 victor
915 1051 1156 1130 patrios
1181 1052 1468 1112 extendit
1493 1059 1672 1113 trans
1699 1071 1876 1112 mare
1903 1050 2095 1114 fines:

570 1145 746 1230 Ergo
771 1151 954 1214 decet
980 1173 1332 1216 memorare
1359 1174 1540 1216 suum
1569 1175 1683 1235 per
1702 1154 1929 1216 saecula
1954 1154 2213 1218 factum.

567 1349 611 1412 J
614 1352 847 1414 ustitiae
871 1353 1094 1428 cultor,
1120 1356 1342 1435 patriae
1365 1375 1507 1437 pax,
1527 1357 1815 1419 hostibus
1839 1358 2056 1432 hostis,

648 1455 850 1518 Tutor
876 1464 941 1518 et
967 1456 1257 1532 ecclesiae,
1284 1479 1396 1520 rex
1420 1460 1768 1533 benedicte,
1787 1460 1948 1523 vale.

567 1558 819 1622 Amodo
837 1567 1158 1642 torpentes
1183 1561 1363 1623 decet
1391 1563 1696 1644 evigilare
1728 1562 2039 1626 Camenas

644 1661 735 1724 Et
760 1663 1036 1726 calamos
1061 1664 1298 1726 alacres
1325 1665 1585 1727 reddere
1604 1665 1791 1728 laude
1816 1675 1947 1728 tua.

567 1764 842 1827 Mutasti
867 1767 1116 1828 comitis
1141 1767 1342 1849 regali
1369 1769 1624 1830 nomine
1644 1789 1894 1843 nomen,

648 1869 830 1952 Quod
854 1872 976 1932 tibi
1002 1872 1302 1934 nobilitas
1326 1873 1599 1935 contulit
1619 1882 1685 1935 et
1711 1874 2012 1955 probitas.

565 1974 778 2038 Julius
803 1976 968 2038 alter
993 1978 1184 2051 enim,
1213 1980 1390 2059 cujus
1415 1979 1777 2041 renovando
1804 1978 2221 2060 triumphum,

645 2078 967 2141 Effrenem
994 2089 1251 2162 gentem
1278 2082 1451 2163 cogis
1478 2102 1693 2144 amare
1713 2085 1959 2164 jugum.

566 2183 945 2248 Innumerus
968 2195 1155 2248 terrae
1180 2187 1464 2269 populus,
1493 2208 1609 2248 nec
1636 2186 1881 2270 perfida
1924 2189 2139 2251 nautis

643 2287 948 2370 AEquora,
975 2310 1092 2352 nec
1117 2291 1270 2354 litus
1296 2311 1449 2353 saxa
1472 2293 1699 2354 nociva
1724 2291 1951 2365 ferens,

565 2390 945 2456 Incumbens
965 2394 1210 2475 hyemis
1234 2415 1351 2457 nec
1377 2403 1444 2456 te
1472 2395 1782 2457 deterruit
1810 2396 2051 2470 horror,

644 2497 810 2581 Quin
837 2499 920 2562 ab
945 2501 1082 2563 avis
1108 2508 1352 2582 peteres
1370 2521 1569 2583 regna
1594 2500 1819 2562 relicta
1843 2501 1985 2563 tibi.

562 2602 943 2665 Posteritate
970 2604 1144 2667 favet
1169 2606 1292 2666 tibi
1310 2606 1406 2667 vis
1431 2604 1713 2686 legisque
1739 2624 2051 2685 suprema,

639 2706 814 2789 Ergo
839 2708 963 2769 tibi
987 2716 1192 2769 terror
1218 2708 1423 2770 omnis
1450 2708 1782 2788 ademptus
1808 2716 1948 2769 erat
1972 2728 1989 2781 ;

561 2808 869 2891 Tempore
897 2812 1007 2871 sed
1026 2811 1215 2892 longo
1241 2819 1306 2872 te
1333 2819 1510 2872 trans
1535 2810 1703 2871 freta
1728 2809 1955 2871 ducere
1982 2810 2209 2872 classes

636 2913 1002 2995 Tempestas
1027 2915 1339 2995 prohibet,
1367 2915 1571 2975 imber
1596 2921 1663 2975 et
1691 2912 1994 2987 assiduuS‚

557 3014 732 3078 Dum
761 3017 1124 3097 prestolaris
1150 3026 1486 3080 ventorum
1513 3018 2019 3099 prosperitatem,

637 3119 726 3181 Et
751 3141 926 3181 mare
953 3122 1282 3181 turbatum
1310 3121 1482 3202 cogit
1509 3121 1687 3182 abire
1715 3127 1921 3193 retr03

556 3222 767 3285 Eurus
793 3232 860 3284 et
887 3244 1188 3305 equoreas
1213 3224 1532 3305 crispabat
1559 3222 1819 3285 flatibus
1845 3223 2065 3284 undas.

636 3326 814 3387 Tunc
841 3327 964 3388 tibi
991 3326 1280 3408 planctus
1307 3336 1447 3390 erat
1473 3348 1734 3409 spesque
1761 3335 1997 3408 negata
2021 3327 2160 3401 viae,

555 3430 794 3511 Tuque,
823 3431 978 3493 velis
1003 3432 1183 3505 nolis,
1211 3433 1471 3494 tandem
1499 3440 1616 3493 tua
1639 3432 1832 3493 litora
1856 3431 2165 3513 linquenS,

632 3534 982 3617 Navigium
1003 3537 1198 3598 vertis
1223 3536 1376 3597 litus
1401 3537 1484 3597 ad
1510 3536 1789 3597 alterius,

555 3638 786 3701 Portus
812 3640 896 3702 ab
922 3641 1200 3720 antiquis
1228 3638 1490 3701 Vimaci
1519 3639 1723 3700 fertur
1748 3639 2004 3701 haberi:

629 3743 780 3824 Quae
806 3742 1006 3806 vallat
1034 3751 1308 3823 portum,
1345 3740 1628 3804 Somana
1646 3763 1877 3803 nomen
1906 3762 2103 3823 aquae.

549 3845 761 3909 Docta
785 3848 974 3908 nimis
1001 3846 1169 3907 bello
1195 3866 1351 3927 gens
1367 3853 1482 3919 est,
1510 3866 1624 3926 per
1642 3854 1875 3907 cuncta
1894 3844 2119 3917 fidelis,

629 3950 1020 4032 Fluctivagis
1046 3952 1328 4032 praebens
1349 3951 1569 4032 saepius
1599 3950 1966 4031 hospicium.

547 4055 834 4138 Desuper
859 4062 956 4118 est
982 4064 1258 4116 castrum
1289 4054 1605 4135 quoddam
1632 4054 1837 4115 sancti
1873 4051 2217 4113 VValarici:

627 4160 758 4224 Hic
786 4162 907 4223 tibi
933 4160 1130 4240 longa
1155 4159 1279 4221 fuit
1307 4157 1705 4239 difficilisque
1734 4176 1933 4221 mora.
