3192 5050
798 602 1017 651 ens'rA
1057 600 1409 650 WILLELMI
1449 600 1655 649 nucis
1692 597 2246 649 NORMANNORUM.
2304 591 2311 598 '
2450 586 2529 651 97

560 747 804 809 nullum
859 747 926 809 in
977 748 1112 809 haec
1165 766 1320 809 ausa
1370 745 1641 808 illatum.
1725 744 2143 809 condolentes
2179 746 2249 807 in
2302 746 2523 808 eadem

562 850 978 925 TheobalduS,
1018 850 1424 913 Pictavorum
1454 847 1697 923 Comes,
1726 847 2098 923 Gaufredus,
2116 850 2273 911 item
2299 848 2527 931 reliqui

559 962 920 1028 summates,
963 956 1236 1036 quadam
1263 956 1520 1033 insuper
1543 954 1981 1034 indignatione
2006 954 2261 1032 privata
2300 952 2527 1015 intole-

567 1057 836 1118 randum
863 1058 1177 1119 ducebant
1203 1076 1334 1120 sese
1353 1058 1540 1138 regis,
1567 1076 1933 1137 quocunque
1949 1057 2187 1136 praevia
2210 1060 2527 1130 vocarent,

562 1160 758 1239 signis
801 1179 1058 1239 parere:
1104 1159 1510 1223 Willelmum
1559 1156 2079 1222 Normannorum
2130 1180 2531 1241 nequaquam

559 1281 676 1341 pro
693 1284 861 1345 rege,
883 1264 992 1325 sed
1016 1262 1405 1326 confidenter
1423 1270 1613 1344 atque
1639 1264 2067 1325 indesinenter
2093 1263 2176 1324 ad
2201 1266 2334 1344 ejus
2352 1282 2531 1344 mag-

560 1366 936 1440 nitudinem,
981 1386 1172 1448 quam
1217 1366 1615 1447 aliquantum
1642 1367 1911 1440 attrivit,
1952 1366 2219 1429 ulterius
2253 1373 2531 1429 atteren-

561 1470 728 1543 dam,
748 1469 870 1543 vel,
897 1471 950 1532 si
971 1490 1096 1551 qua
1112 1470 1220 1532 via
1233 1469 1464 1543 valeat,
1479 1469 1947 1543 conterendam,
1968 1470 2036 1530 in
2052 1472 2246 1532 armis
2266 1472 2530 1552 agitare.

562 1570 878 1635 Praeterea
921 1573 1380 1653 concupiebant
1425 1571 1913 1646 Normanniam,
1941 1580 2053 1635 aut
2090 1576 2225 1654 ejus
2261 1581 2531 1652 partem,

566 1677 822 1757 quidam
849 1678 1016 1758 regis
1049 1678 1344 1756 proximi.
1426 1675 1542 1751 Hi,
1585 1678 1763 1757 quasi
1804 1677 1971 1739 faces
2008 1676 2533 1761 flagrantissimae,

563 1800 775 1861 regem
797 1769 1217 1843 incendebant
1243 1790 1310 1843 et
1335 1782 1667 1862 principes.

644 1882 774 1945 Eas
789 1884 872 1945 ob
898 1904 998 1946 res
1022 1884 1547 1947 consultationem
1574 1885 1853 1949 infausto
1877 1887 2088 1949 omine
2113 1887 2535 1949 communica—

565 1992 718 2058 tam,
745 1986 952 2048 edicto
979 1988 1153 2067 regio
1172 1987 1409 2049 bellum
1423 1989 1708 2070 jubente,
1728 1988 2318 2052 innumerosissimae
2342 1991 2536 2070 copiae

566 2088 632 2148 in
653 2086 1117 2151 Nor'manniam
1135 2091 1442 2169 expeditae
1457 2098 1623 2151 sunt.
1653 2088 2113 2171 Burgundiam,
2135 2091 2535 2167 Arverniam,

567 2198 754 2271 atque
801 2190 1215 2255 Wasconiam
1269 2212 1609 2272 properare
1654 2194 1901 2255 videres
1945 2194 2281 2275 horribiles
2332 2196 2535 2260 ferro:

565 2295 695 2356 imo
710 2296 876 2357 vires
893 2298 1062 2357 tanti
1088 2298 1290 2377 regni,
1318 2296 1717 2377 quantumin
1744 2295 2005 2358 climata
2028 2298 2252 2358 mundi
2269 2307 2538 2380 quatuor

563 2405 804 2475 patent,
831 2406 1107 2473 cunctas,
1137 2398 1474 2462 Franciam
1501 2408 1719 2461 tamen
1748 2407 1815 2461 et
1842 2399 2268 2475 Britanniam,
2301 2410 2539 2483 quanto

565 2502 747 2564 nobis
771 2503 1121 2578 viciniores,
1147 2511 1331 2566 tanto
1353 2504 1678 2566 ardentius
1697 2502 1975 2567 infestas.
2058 2503 2101 2568 J
2104 2504 2305 2568 ulium
2336 2504 2538 2571 Caesa-

567 2625 720 2678 rem,
762 2605 866 2668 vel
905 2606 1188 2669 bellandi
1225 2609 1592 2690 peritiorem
1622 2607 1918 2688 aliquem,
1958 2610 2012 2672 si
2039 2609 2234 2671 fuerit
2258 2611 2540 2693 peritior,

567 2709 876 2771 exercitus
894 2709 1170 2773 Romani
1187 2712 1428 2787 ducem,
1447 2711 1552 2794 (ex
1567 2711 1745 2773 mille
1760 2713 2125 2776 nationibus
2143 2714 2347 2776 coacti
2360 2715 2534 2790 olim,

568 2813 720 2873 dum
747 2811 956 2876 Roma
979 2813 1426 2878 florentissima
1463 2814 1641 2878 mille
1679 2819 2019 2898 provinciis
2058 2819 2481 2900 imperitasset
2501 2818 2543 2900 z)

568 2916 754 3000 hujus
801 2918 1075 3001 agminis
1136 2920 1539 2983 immanitate
1582 2923 1813 2983 terreri
1857 2924 2131 3004 potuisse
2174 2922 2539 2986 affirmares.

571 3021 898 3085 Nimirum
939 3024 1215 3105 concipit
1263 3044 1563 3106 pavorem
1621 3024 2018 3106 aliquantum
2077 3033 2253 3089 terra
2306 3035 2542 3090 nostra.

568 3123 864 3188 Ecclesiae
889 3134 1183 3188 metuunt
1197 3127 1611 3208 inquietanda
1636 3127 1769 3190 fore
1788 3129 1924 3191 otia
1942 3136 2172 3191 sanctae
2198 3129 2542 3211 religioniS,

569 3229 885 3310 stipendia
909 3247 1022 3289 sua
1047 3248 1125 3288 ex
1149 3227 1414 3291 libidine
1441 3238 1832 3292 armatorum
1860 3231 2232 3312 diripienda,
2259 3233 2547 3313 quamvis

569 3331 929 3393 orationum
968 3331 1268 3410 praesidio·
1297 3340 1613 3394 certantes
1651 3332 1991 3396 confidant.
2073 3333 2262 3396 Plebs
2299 3334 2546 3396 urbana

571 3443 639 3496 et
665 3433 953 3515 agrestis,
995 3453 1238 3496 necnon
1266 3435 1621 3517 quicunque
1667 3436 1941 3500 imbellis
1966 3445 2033 3498 et
2064 3438 2275 3500 minus
2305 3437 2542 3513 firmuS,

572 3536 829 3600 solliciti
865 3543 1014 3597 sunt
1059 3555 1134 3598 ac
1187 3538 1454 3618 trepidi:
1495 3539 1730 3600 timent
1768 3541 1909 3614 sibi,
1948 3541 2263 3615 uxoribus,
2309 3541 2545 3618 liberis,

573 3642 760 3703 rebus
787 3640 932 3714 suis,
960 3659 1154 3720 quum
1181 3641 1338 3704 adeo
1363 3662 1625 3724 gravem
1652 3638 1898 3706 hostem
1924 3646 2173 3708 timoris
2198 3647 2385 3707 modo
2412 3667 2545 3708 am-

573 3744 840 3826 pliorem
888 3763 1080 3824 quam
1131 3745 1217 3806 sit
1267 3747 1637 3808 metiuntur.
1720 3747 1813 3809 At
1860 3769 2004 3809 cum
2058 3749 2549 3812 reminiscuntur

575 3869 762 3930 quem
815 3849 1097 3910 habeant
1135 3859 1688 3931 propugnatorem,
1737 3871 1925 3933 quam
1969 3852 2283 3916 luctuosas
2324 3857 2547 3935 patriae

575 3954 970 4016 calamitates
985 3953 1190 4016 adhuc
1210 3955 1583 4030 adolescenS,
1604 3956 1707 4018 vel
1720 3977 1877 4037 puer
1895 3958 2123 4038 potius,
2142 3978 2376 4040 magno
2401 3980 2548 4022 con-

578 4056 736 4130 silio,
763 4059 1162 4138 maximaque
1191 4060 1428 4122 virtute
1456 4060 1795 4134 sustulerit,
1824 4081 1931 4142 spe
1958 4062 2253 4124 timorem
2280 4061 2547 4138 leniunt,

579 4157 982 4224 afflictionem
1004 4160 1234 4226 fiducia
1248 4163 1667 4256 consolantur.
1736 4162 1981 4228 Verum
2000 4166 2383 4229 admirandae
2402 4173 2549 4230 c'on-
