3192 5050
34 527 81 560 1

828 603 1046 649 GEsrA
1088 603 1437 650 WILLELMI
1480 603 1684 650 nvom
1726 604 2277 654 NORMANNORUM.
2457 595 2534 656 81

570 747 913 828 incoeptum
941 766 1016 807 eo
1042 765 1233 827 usque
1260 745 1601 819 convaluit,
1617 754 1690 808 ut
1716 747 2132 811 directissima
2148 750 2300 811 belli
2327 751 2534 814 fronte

570 847 955 911 Valesdunis
1007 851 1075 910 in
1130 848 1478 911 Dominum
1532 870 1713 911 suum
1768 854 2136 934 congregati
2182 853 2284 916 lon
2289 875 2369 936 ge
2421 876 2538 937 per

567 955 901 1016 circuitum
928 955 1145 1016 omnia
1169 953 1450 1016 tumultu
1476 962 1900 1016 concuterent.
1987 954 2379 1037 Sequebatur
2416 961 2536 1021 im-

567 1057 827 1137 pietatis
864 1056 1165 1118 vexillum
1205 1077 1351 1138 pars
1394 1053 1808 1117 Normanniae
1845 1061 2068 1138 maj0r.
2149 1058 2394 1123 Verum
2434 1071 2534 1126 tot

567 1158 813 1240 gladios
838 1159 1101 1220 minime
1130 1159 1457 1221 exhorruit
1482 1160 1684 1240 partis
1707 1160 2088 1222 vindicantis
2115 1162 2339 1226 ductor
2363 1162 2535 1227 Wil-

567 1261 812 1324 lelmus.
893 1260 1150 1323 Irruens
1176 1263 1346 1323 enim
1374 1270 1584 1343 strage
1626 1282 1923 1343 pavorem
1964 1265 2200 1344 injecit,
2240 1286 2363 1347 quo
2403 1268 2535 1330 fere

568 1366 759 1426 corda
785 1365 1159 1428 adversariis
1185 1374 1403 1445 erepta
1442 1374 1608 1440 sunt,
1649 1366 1910 1428 brachia
1949 1367 2300 1432 debilitata.
2385 1370 2536 1436 Sola

568 1489 764 1543 mens,
804 1489 943 1551 quae
991 1470 1058 1529 in
1097 1469 1315 1550 fugam
1364 1471 1807 1550 praecipitaret,
1854 1469 2342 1552 relinquebatur.
2427 1474 2536 1537 In-·

568 1575 929 1636 sectabatur
968 1574 1077 1634 ille
1122 1595 1235 1656 per
1280 1572 1582 1634 milliaria
1628 1573 1870 1654 aliquot
1910 1574 2153 1637 duriter
2197 1580 2533 1661 castiganS.

570 1678 741 1740 Avia
763 1677 1089 1759 plerosque
1116 1686 1230 1739 aut
1248 1678 1366 1737 viae
1385 1675 1671 1737 difficiles
1692 1677 1758 1737 in
1779 1685 2050 1739 mortem
2071 1681 2532 1748 subverterunt.

573 1778 915 1843 Nonnullis
940 1782 1007 1840 in
1040 1780 1307 1866 planitie
1346 1781 1506 1840 trita
1544 1779 1834 1842 celeritas
1871 1781 1954 1842 ad
1994 1784 2264 1859 ruinam,
2304 1791 2534 1851 consti-

568 1885 743 1964 patio
789 1885 871 1944 ad
924 1883 1289 1944 lethiferam
1342 1882 1729 1944 collisionem
1782 1883 1922 1944 fuit.
2004 1885 2354 1950 Absorbuit
2406 1911 2532 1952 non

569 2008 797 2068 paucos
823 1986 1051 2049 fluvius
1095 1986 1261 2048 Olna
1300 1987 1540 2068 equites
1579 2007 1725 2046 cum
1765 1987 1962 2067 equis.
2043 1987 2346 2053 Interfuit
2387 1994 2536 2056 huie

568 2091 802 2171 praelio,
844 2089 1128 2151 Franciae
1157 2088 1314 2164 Rex,
1343 2088 1680 2162 HenricuS,
1706 2091 1953 2152 victrici
1979 2111 2178 2153 causoe
2203 2096 2534 2162 auxilians.

570 2193 1093 2256 Fructuosissima
1119 2214 1267 2255 sane
1294 2201 1484 2274 atque
1510 2191 1898 2254 notificanda
1922 2194 2144 2256 seculis
2183 2199 2368 2259 unius
2407 2201 2534 2263 diei

568 2318 799 2380 pugna,
868 2317 1005 2378 quae
1058 2317 1201 2356 cum
1254 2294 1611 2376 exemplum
1658 2297 2056 2356 tremendum
2111 2302 2401 2376 sanciret,
2467 2313 2534 2366 et

570 2399 840 2461 cervices
865 2399 1133 2460 nimium
1168 2397 1368 2460 elatas
1395 2398 1561 2458 ferro
1588 2398 1896 2472 contudit,
1935 2407 2021 2472 et,
2061 2407 2534 2484 propugnacula.

570 2503 938 2577 facinorum,
998 2502 1274 2585 plurima
1320 2500 1580 2563 castella
1624 2502 1904 2563 victoriae
1929 2523 2124 2565 manu
2151 2505 2533 2589 impellendo

570 2608 834 2688 disjecit,
878 2614 942 2667 et
968 2605 1138 2667 bella
1162 2606 1508 2666 domestica
1534 2605 1705 2685 apud
1729 2625 1844 2667 nos
1871 2607 1937 2666 in
1978 2606 2240 2689 longum
2281 2614 2530 2694 sopivit.

572 2709 957 2791 Turpissime
978 2707 1223 2789 elapsus
1246 2706 1454 2769 Guido
1475 2706 1807 2769 Brionium
1829 2728 1971 2769 cum
1992 2730 2226 2793 magno
2245 2717 2532 2796 equitatu

568 2812 912 2875 contendit.
1004 2809 1321 2892 Oppidum
1360 2809 1480 2871 hoc
1520 2830 1665 2870 cum
1705 2809 1827 2871 loci
1865 2820 2113 2887 natura,
2166 2824 2304 2878 tum
2345 2841 2532 2901 opere

568 2912 1055 2997 inexpugnabile
1082 2914 1434 2976 videbatur.
1504 2911 1573 2972 N
1574 2932 1680 2973 am
1706 2920 1934 2993 praeter
1959 2914 2088 2977 alia
2113 2917 2532 2999 firmamenta,

569 3040 706 3101 quae
756 3017 968 3079 moliri
1018 3018 1342 3079 consuevit
1387 3015 1542 3077 belli
1593 3018 2006 3093 necessitudo,
2071 3021 2284 3084 aulam
2338 3025 2534 3089 habet

567 3122 882 3204 lapideam
944 3104 1105 3181 arcis
1156 3140 1339 3181 usum
1391 3120 1821 3200 pugnantibus
1871 3123 2274 3202 praebentem,
2342 3148 2530 3209 quam

569 3226 801 3287 fluvius
826 3221 1041 3286 Risela
1079 3222 1254 3283 nullo
1294 3222 1549 3303 quidem
1587 3230 1799 3284 tractu
1836 3224 1984 3286 vadi
2030 3226 2369 3307 impatiens
2413 3234 2534 3293 cir-

568 3326 880 3389 cumfluit.
960 3323 1189 3386 Victor
1214 3332 1461 3386 mature
1490 3308 1807 3386 insecutus
1840 3334 2082 3388 arctam
2109 3328 2342 3393 locavit
2367 3335 2531 3396 obsi-

568 3431 841 3503 dionem,
893 3428 1173 3501 castella,
1226 3428 1523 3508 utrinque
1563 3427 1647 3489 ad
1686 3428 1856 3509 ripas
1895 3427 2175 3491 fluminis
2220 3434 2531 3515 bipartiti,

566 3551 905 3615 opponens.
986 3530 1233 3593 Deinde
1259 3531 1726 3611 oppugnatione
1754 3530 1984 3592 diurna
2008 3534 2326 3611 territans,
2354 3559 2530 3621 egre-

568 3636 784 3698 diendi
800 3634 1170 3697 facultatem
1186 3634 1439 3715 penitus
1464 3634 1836 3695 interclusit.
1920 3633 2248 3700 Postremo
2267 3648 2532 3723 penuria

567 3741 765 3802 etiam
791 3736 1162 3800 victualium
1189 3737 1470 3799 obsessus
1499 3736 1891 3818 Burgundio,
1933 3738 2391 3807 interventores
2415 3770 2530 3829 pro

565 3842 903 3905 clementia
927 3840 1302 3902 missitabat.
1386 3838 1606 3902 Motus
1626 3837 1776 3901 Dux
1801 3844 2365 3923 consanguinitate,
2393 3871 2536 3935 sup-

566 3944 869 4028 plicitate,
890 3944 1146 4005 miseria
1162 3944 1335 4016 victi,
1352 3963 1479 4003 non
1496 3943 1780 4004 acerbius
1794 3944 2170 4007 vendicavit.
2252 3948 2533 4037 Recepto

564 4056 790 4123 castro,
830 4049 897 4108 in
925 4048 1101 4109 curia
1126 4067 1240 4108 sua
1264 4066 1662 4108 commanere
1703 4066 1848 4107 eum
1875 4050 2196 4112 concessit.
2281 4054 2532 4140 Suppli-

568 4153 668 4213 cia
712 4154 867 4213 item
895 4152 1212 4223 consociiS,
1255 4170 1392 4232 quae
1439 4148 1740 4231 capitalia
1772 4170 1849 4211 ex
1877 4169 2054 4231 aequo
2081 4153 2532 4237 irrogarentur,
