3192 5050
690 599 768 663 70
1173 615 1387 661 SCRIP.
1419 615 1662 660 RERUM
1691 615 1881 660 GEST.
1915 614 2267 662 WILLELMI
2298 617 2344 662 1.

692 755 915 819 Comes
946 755 1014 819 N
1012 759 1375 831 ermanniae,
1392 759 1561 838 patri
1576 777 1719 819 meo
1734 757 2044 820 violenter
2061 758 2344 832 abstulit,
2364 759 2658 839 omnique

687 862 1002 942 denegata
1054 862 1432 923 rectitudine
1486 863 1676 922 istam
1743 863 1943 923 aedem
1997 871 2292 944 potenter
2347 863 2657 924 fundavit.

690 963 880 1026 Hanc
927 966 1125 1046 igitur
1165 971 1405 1026 terram
1432 965 1783 1026 calumnior
1810 974 1876 1026 et
1902 965 2115 1046 palam
2164 966 2457 1040 reclamo,
2485 975 2551 1026 et
2577 986 2658 1026 ne

684 1089 905 1150 corpus
930 1070 1203 1150 raptoris
1227 1071 1551 1150 operiatur
1576 1070 1810 1150 cespite
1839 1089 2000 1142 meo,
2028 1090 2143 1130 nec
2180 1070 2248 1129 in
2287 1070 2657 1130 haereditate

685 1193 829 1233 mea
855 1171 1213 1253 sepeliatur,
1239 1193 1317 1232 ex
1343 1180 1523 1253 parte
1553 1170 1680 1234 Dei
1707 1173 2028 1254 prohibeO.
2111 1172 2257 1235 Hoc
2284 1182 2358 1234 ut
2383 1174 2658 1255 episcopi

684 1286 750 1338 et
789 1297 1075 1358 proceres
1114 1276 1228 1337 alii
1268 1277 1607 1337 audierunt
1647 1285 1714 1338 et
1752 1279 1991 1338 vicinos
2031 1281 2183 1358 ejus,
2237 1279 2347 1359 qui
2386 1278 2654 1338 eundem

682 1401 836 1442 vera
862 1381 1087 1442 dixisse
1114 1381 1654 1454 contestabantur,
1682 1381 2130 1443 intellexerunt
2154 1403 2168 1442 ε
2211 1382 2533 1442 hominem
2555 1401 2656 1442 ac-

682 1484 1045 1557 cersierunt,
1088 1484 1385 1564 omnique
1430 1492 1678 1544 remota
1715 1484 2021 1545 violentia
2064 1485 2352 1566 precibus
2405 1482 2658 1545 blandis

681 1586 1018 1659 lenierunt,
1059 1594 1125 1646 et
1152 1606 1373 1666 pacem
1416 1607 1559 1647 cum
1603 1607 1676 1647 eo
1717 1587 2021 1648 fecerunt.
2107 1587 2280 1648 Nam
2310 1607 2422 1668 pro
2449 1586 2656 1647 loculo

678 1690 869 1751 solius
881 1688 1215 1770 sepulturae
1228 1690 1558 1768 sexaginta
1574 1690 1802 1751 solidos
1813 1692 1872 1751 ei
1887 1693 2174 1772 protinus
2191 1691 2619 1752 adhibuerunt
2637 1711 2652 1750 ε

680 1814 795 1874 pro
822 1793 1065 1873 reliqua
1080 1812 1231 1853 vero
1247 1791 1493 1865 tellure,
1514 1813 1705 1872 quam
1722 1792 2230 1855 calumniabatur
2249 1793 2654 1875 aequipollens

679 1903 971 1957 mutuum
994 1896 1197 1956 eidem
1226 1895 1670 1974 promiserunt,
1698 1904 1763 1956 et
1790 1904 1932 1977 post
1957 1916 2084 1957 non
2111 1896 2386 1956 multum
2412 1904 2653 1976 tempo-

678 2000 767 2060 ris
793 2018 907 2078 pro
928 1997 1129 2058 salute
1150 1996 1395 2058 socialis
1420 1997 1579 2072 heri,
1602 2019 1787 2079 quem
1810 1999 2180 2080 diligebant,
2202 2007 2456 2081 pactum
2485 2019 2652 2060 com-

677 2103 1026 2185 pleverunt.
1111 2100 1309 2162 Porro
1334 2102 1489 2162 dum
1516 2123 1741 2183 corpus
1784 2103 1851 2162 in
1886 2103 2341 2184 sarcophagum
2371 2104 2653 2164 mittere-

673 2215 799 2280 tur,
826 2214 893 2267 et
917 2205 1242 2274 violenter,
1272 2205 1419 2285 quia
1443 2225 1555 2266 vas
1595 2226 1708 2286 per
1748 2206 2238 2286 imprudentiam
2267 2207 2647 2267 cementari-

675 2330 857 2370 orum
898 2309 1088 2370 breve
1129 2309 1420 2368 strictum
1461 2316 1621 2380 erat,
1661 2307 2163 2389 complicaretur,
2204 2309 2652 2389 pinguissimus

675 2421 898 2474 venter
916 2412 1257 2493 crepuit,et
1276 2410 1698 2472 intolerabilis
1724 2411 1890 2472 fetor
1905 2413 2424 2472 circumastantes
2439 2431 2649 2492 perso-

674 2538 789 2579 nas
802 2524 870 2577 et
889 2515 1199 2597 reliquum
1225 2514 1451 2596 vulgus
1469 2514 1781 2596 implevit,
1803 2514 2012 2576 fumus
2026 2514 2232 2576 thuris
2253 2513 2646 2596 aliorumque
2710 2537 2714 2540 ·

672 2628 1031 2681 aromatum
1059 2619 1136 2680 de
1163 2617 1505 2679 thuribulis
1545 2620 1792 2699 copiose
1819 2619 2216 2692 ascendebat,
2259 2619 2370 2679 sed
2396 2620 2649 2680 teterri-

672 2745 849 2785 mum
896 2730 1186 2804 putorem
1239 2722 1568 2782 excludere
1611 2742 1738 2782 non
1785 2722 2188 2803 praevalebat.
2275 2720 2646 2785 Sacerdotes

671 2828 884 2907 itaque
912 2825 1301 2886 festinabant
1319 2825 1614 2903 exequias
1640 2824 1937 2905 perficere
1959 2833 2024 2885 et
2051 2832 2334 2885 actutum
2363 2843 2474 2886 sua
2501 2846 2644 2887 cum

670 2949 901 3011 pavore
928 2927 1251 3010 mappalia
1274 2935 1576 3006 repetere.

749 3031 914 3093 Ecce
969 3031 1289 3093 subtiliter
1342 3031 1743 3111 investigavi,
1810 3039 1876 3091 et
1928 3031 2242 3093 veraciter
2295 3032 2644 3107 enucleavi,

668 3156 805 3215 quae
832 3136 899 3195 in
925 3135 1171 3215 lapsum
1199 3132 1397 3195 Ducis
1436 3133 1845 3214 praeostendit
1889 3133 2215 3214 dispositio
2259 3132 2403 3195 Dei.
2489 3134 2639 3197 Non

668 3239 929 3301 fictilem
996 3239 1353 3320 tragediam
1421 3238 1753 3299 venundo:
1843 3259 1971 3299 non
2039 3238 2286 3320 loquaci
2355 3241 2644 3301 comedia

668 3342 1195 3405 cachinnantibus
1221 3341 1519 3422 parasitis
1545 3341 1748 3403 fave0.
1835 3339 1963 3402 Sed
1982 3342 2278 3404 studiosis
2303 3342 2643 3405 lectoribus

664 3447 873 3508 varios
898 3454 1161 3507 eventus
1205 3445 1517 3506 veraciter
1558 3444 1807 3505 intimo.
1893 3443 2075 3506 Inter
2117 3466 2416 3527 prospera
2457 3455 2640 3527 patu-

664 3558 850 3611 erunt
876 3550 1158 3623 adversa,
1194 3556 1266 3609 ut
1294 3555 1686 3609 terrerentur
1711 3548 2178 3628 terrigenarum
2206 3549 2415 3610 corda.
2499 3548 2639 3611 Rex

663 3653 978 3733 quondam
1031 3660 1255 3734 potens
1306 3660 1373 3712 et
1426 3650 1776 3725 bellicosus,
1835 3651 2176 3733 multisque
2229 3652 2478 3734 populis
2524 3674 2638 3734 per

660 3754 871 3835 plures
896 3756 1249 3836 provincias
1273 3754 1666 3827 metuendus,
1707 3755 1775 3813 in
1802 3774 1952 3815 area
1983 3756 2188 3835 jacuit
2226 3756 2448 3829 nuduS,
2489 3763 2555 3816 et
2595 3776 2637 3817 a

661 3859 807 3931 suiS,
830 3877 983 3938 quos
1008 3866 1316 3939 genuerat
1349 3856 1451 3919 vel
1488 3857 1759 3931 aluerat,
1786 3858 2145 3919 destitutus.
2228 3857 2388 3919 AEre
2425 3858 2634 3921 alieno

660 3960 727 4019 in
751 3960 1001 4021 funebri
1029 3960 1203 4021 cultu
1228 3961 1523 4041 indiguit,
1566 3980 1685 4041 ope
1711 3962 2010 4043 gregarii,
2051 3982 2165 4041 pro
2192 3961 2539 4042 sandapila,
2567 3974 2634 4023 et

626 4061 631 4066 ’
659 4063 1107 4144 vespilionibus
1122 4114 1129 4119 .
1146 4064 1587 4127 concludendis
1613 4066 1809 4145 eguit,
1845 4066 1954 4145 qui
1980 4073 2079 4128 tot
2105 4066 2410 4127 hactenus
2436 4075 2503 4127 et
2530 4087 2630 4129 su-

657 4166 915 4249 perfluis
966 4169 1189 4250 opibus
1235 4169 1426 4229 nimis
1472 4168 1840 4229 abundavit.
1927 4166 2118 4229 Secus
2173 4170 2533 4233 incendium
2589 4192 2630 4233 a
