3192 5050
1219 627 1469 676 BREVIS
1509 628 1829 676 RELATm.
1911 615 1915 619 ’
2430 617 2507 677 19

537 783 838 844 pugnare,
881 766 990 826 sed
1024 767 1310 846 quaesivit
1353 787 1497 829 cum
1541 769 1621 829 iis
1664 788 1885 850 pacem
1934 769 2157 842 facere,
2201 769 2504 850 illumque

534 868 832 929 comitem
854 871 962 950 qui
981 868 1387 932 Willelmum
1408 871 1815 934 interfecerat
1835 891 1979 933 cum
2002 873 2080 934 iis
2106 873 2503 935 concordare.

537 967 710 1032 Dani
749 981 962 1034 autem
1012 975 1093 1036 ad
1136 975 1360 1036 horam
1404 973 1723 1037 finxerunt
1770 997 1833 1038 se
1875 977 2053 1038 illam
2100 978 2501 1039 concordiam

537 1076 884 1157 suscipere:
927 1077 1036 1138 sed
1061 1085 1135 1138 ut
1159 1078 1457 1139 viderunt
1501 1077 1683 1139 illum
1712 1081 1821 1160 qui
1869 1088 2197 1161 parentem
2246 1081 2504 1142 illorum

534 1179 956 1254 interfecerat,
1023 1203 1151 1243 non
1217 1190 1509 1243 curantes
1576 1183 1655 1242 de
1732 1185 2065 1246 concordia
2130 1205 2321 1264 quam
2389 1206 2500 1246 rex

535 1281 820 1346 Franciae
847 1287 1185 1366 quaerebat,
1214 1288 1524 1368 impetum
1551 1287 1855 1348 facientes
1894 1308 2080 1369 super
2106 1308 2269 1361 eum,
2309 1290 2503 1348 inter-

534 1386 820 1450 fecerunt
845 1389 1026 1451 illum
1054 1397 1120 1451 et
1146 1390 1453 1471 plurimos
1480 1390 1558 1450 de
1588 1391 1668 1450 iis
1709 1392 1817 1470 qui
1843 1411 1989 1451 cum
2016 1390 2127 1452 illo
2153 1400 2463 1452 venerunt
2488 1412 2501 1452 :

535 1512 754 1574 regem
781 1515 931 1557 vero
959 1493 1245 1557 Franciae
1271 1494 1490 1576 fugere
1529 1494 1987 1575 compulerunt,
2035 1514 2219 1576 quem
2258 1495 2503 1575 fugien-

531 1605 664 1658 tem
691 1599 980 1660 homines
1007 1597 1350 1682 Rotomagi
1369 1606 1671 1679 ceperunt
1698 1606 1886 1677 atque
1914 1606 2168 1679 captum
2186 1599 2503 1660 duxerunt

535 1701 982 1785 Rotomagum.
1065 1702 1304 1765 Postea
1329 1723 1478 1765 vero
1519 1703 1838 1763 communi
1866 1703 2118 1762 decreto
2164 1699 2397 1764 Franci
2437 1711 2503 1764 et

535 1803 707 1869 Dani
744 1807 940 1869 talem
984 1807 1382 1870 concordiam
1410 1809 1581 1868 inter
1609 1827 1673 1866 se
1702 1807 2017 1879 fecerunt3
2060 1814 2133 1866 ut
2162 1803 2335 1868 Dani
2364 1809 2503 1868 red-

531 1911 755 1972 derent
797 1932 1012 1992 regem
1051 1910 1354 1985 Franciae‚
1399 1920 1464 1972 et
1498 1909 1732 1972 Franci
1773 1911 2109 1973 redderent
2156 1911 2499 1974 Ricardum

515 2011 732 2075 ⁴filium
789 2013 1112 2100 Willelmi
1157 2016 1454 2077 comitem
1503 2013 1932 2076 Normanniae.
2042 2015 2219 2078 Tunc
2268 2019 2334 2077 in
2390 2017 2503 2079 illa

530 2121 866 2181 concordia
889 2127 1202 2182 auxerunt
1226 2128 1293 2180 et
1335 2120 1626 2200 augendo
1653 2130 1987 2182 creverunt
2033 2120 2101 2181 N
2101 2124 2501 2183 ormanniam

531 2221 714 2298 Daci,
763 2225 844 2286 ab
897 2244 1064 2306 aqua
1109 2243 1245 2305 quae
1291 2231 1554 2285 vocatur
1608 2223 1873 2285 Ardella
1928 2245 2119 2305 usque
2167 2226 2251 2286 ad
2305 2227 2497 2288 aliam

530 2347 760 2408 aquam
789 2348 926 2408 quae
944 2337 1206 2389 vocatur
1242 2325 1418 2388 Etta.
1503 2326 1638 2388 Alii
1685 2335 1903 2388 tamen
1952 2329 2170 2390 dicunt
2213 2331 2296 2390 ab
2342 2328 2503 2392 Etta

528 2450 722 2512 usque
750 2432 832 2492 ad
859 2430 1123 2494 Isaram.
1209 2429 1641 2493 constitutum
1659 2440 1753 2497 est
1775 2433 1969 2492 etiam
1998 2440 2063 2492 et
2090 2432 2265 2494 aliud
2292 2435 2357 2493 in
2388 2435 2501 2496 illa

529 2538 880 2611 concordia,
928 2538 1095 2618 quod
1139 2556 1348 2598 comes
1402 2536 1818 2598 Normanniae
1863 2537 2109 2599 nullum
2168 2541 2496 2602 servitium

527 2640 764 2702 faceret
791 2642 928 2723 regi
968 2638 1254 2701 Franciae
1274 2639 1352 2701 de
1373 2648 1548 2701 terra
1588 2639 2020 2715 Normanniae,
2048 2664 2164 2704 nec
2209 2645 2269 2704 ei
2307 2644 2497 2707 aliter

525 2748 807 2819 serviret,
849 2746 973 2806 nisi
1006 2766 1118 2806 rex
1159 2742 1444 2805 Franciae
1481 2744 1759 2807 feudiam
1789 2747 1969 2808 daret
2006 2749 2065 2808 ei
2110 2749 2174 2808 in
2200 2746 2495 2825 Francia,

525 2852 693 2912 unde
721 2852 782 2911 ei
809 2850 1040 2911 servire
1068 2849 1342 2910 deberet.

603 2955 998 3037 Quapropter
1017 2972 1224 3015 comes
1254 2950 1665 3015 Normanniae
1692 2955 1769 3015 de
1790 2954 2189 3017 Normannia
2215 2964 2497 3019 tantum-

522 3060 709 3121 modo
753 3057 908 3119 facit
949 3056 1318 3136 homagium
1351 3056 1488 3136 regi
1533 3054 1837 3130 Franciae,
1876 3066 1941 3119 et
1985 3056 2359 3120 fidelitatem
2416 3063 2493 3123 de

521 3164 657 3224 vita
710 3181 824 3223 sua
877 3169 944 3221 et
997 3161 1075 3221 de
1129 3168 1382 3222 terreno
1435 3159 1673 3221 honore
1714 3182 1843 3222 suo.
1932 3160 2243 3223 Similiter
2274 3172 2340 3224 et
2380 3185 2491 3226 rex

520 3264 806 3329 Franciae
859 3265 1014 3325 facit
1065 3262 1439 3325 fidelitatem
1488 3270 1554 3323 et
1595 3264 1675 3323 de
1703 3264 1839 3324 vita
1878 3283 1991 3324 sua
2018 3272 2083 3323 et
2111 3265 2187 3325 de
2236 3275 2488 3329 terreno

517 3370 756 3431 honore
800 3369 1021 3429 comiti
1066 3365 1498 3440 Nol-manniae,
1545 3376 1612 3428 et
1657 3366 1821 3427 nihil
1866 3367 2037 3427 aliud
2067 3366 2277 3429 differt
2320 3371 2489 3431 inter

520 3473 679 3547 illos,
751 3474 874 3533 nisi
937 3472 1104 3553 quod
1168 3472 1535 3553 homagium
1611 3491 1737 3531 non
1811 3470 1966 3530 facit
2037 3490 2147 3531 rex
2204 3468 2487 3535 Franciae

515 3580 735 3640 comiti
789 3576 1220 3650 Normannia»,
1305 3577 1490 3637 sicuti
1570 3595 1777 3636 comes
1855 3573 1923 3634 N
1923 3575 2267 3636 ormanniae
2344 3581 2481 3661 regi

517 3684 803 3745 Franciae
873 3682 1044 3743 facit.
1153 3679 1344 3741 Hanc
1403 3680 1766 3741 libertatem
1842 3679 2266 3759 acquisierunt
2328 3689 2481 3745 tunc

515 3788 688 3851 Dani
713 3786 1080 3869 parentibus
1108 3786 1233 3845 suis
1259 3784 1594 3846 comitibus
1626 3782 2055 3843 Normanniae.

597 3892 750 3953 Post
777 3892 969 3951 istum
1002 3888 1346 3949 Ricardum
1377 3886 1538 3947 alius
1583 3884 1893 3946 Ricardus
1921 3883 2087 3945 filius
2115 3887 2249 3965 ejus
2274 3890 2482 3950 tenuit

516 3995 1000 4059 Normanniam.
1083 3989 1215 4051 Hic
1270 3989 1578 4051 Ricardus
1632 3989 1755 4049 fuit
1806 3996 1989 4070 pater
2041 3989 2300 4069 patriae:
2340 3998 2482 4054 toto

513 4101 684 4163 enim
760 4106 1043 4177 tempore
1099 4096 1231 4175 ejus
1297 4092 1645 4153 abundavit
1717 4090 2117 4152 Normannia
2189 4095 2481 4156 omnibus

512 4204 714 4276 bonizi,
759 4209 824 4263 et
851 4207 1036 4261 tanta
1071 4218 1196 4279 pax
1223 4197 1346 4257 fuit
1373 4196 1439 4255 in
1472 4193 1874 4256 Normannia
1900 4196 2032 4275 ejus
2074 4203 2379 4275 tempore,
2406 4207 2481 4259 ut

514 4329 628 4369 nec
648 4308 843 4369 etiam
871 4303 1212 4366 carrucarii
1240 4302 1316 4361 de
1343 4300 1582 4379 campis
1610 4300 1735 4361 suis
1752 4300 2055 4360 auderent
2083 4300 2250 4359 ferra
2270 4319 2481 4361 carru-

2092 4401 2125 4439 c
