3192 5050
702 587 780 650 12
1181 599 1394 648 semp.
1423 599 1673 647 RERUM
1697 599 1887 647 ensr.
1917 599 2270 648 WILLELMI
2300 601 2345 646 1.

610 786 622 792 -
698 743 1058 828 Anglorum
1071 742 1536 817 invadiaret‚·et
1554 749 1709 805 tune
1728 740 2047 806 Hem-iens
2067 741 2252 806 fiatri
2270 760 2383 806 suo
2400 742 2661 806 omnino

697 869 762 913 se
779 847 1092 911 conferret
1101 854 1291 928 atque
1309 866 1453 908 eum
1473 865 1550 907 eo
1559 865 1639 908 ex
1646 853 1782 908 toto
1798 854 2171 908 remaneret.
2253 845 2428 909 Dum
2446 846 2661 928 itaque

695 973 842 1015 eum
869 972 945 1014 eo
970 958 1132 1014 esset
1176 958 1320 1032 post
1346 949 1745 1031 aliquantum
1770 951 2073 1031 temporis
2098 949 2369 1031 contigit
2407 957 2482 1011 ut
2508 970 2660 1031 qua-

696 1056 846 1118 dam
873 1055 978 1117 die
1003 1075 1117 1118 rex
1141 1051 1513 1116 Willelmus
1538 1050 1841 1116 venatum
1868 1052 2012 1127 iret,
2038 1053 2270 1134 ibique,
2301 1053 2511 1115 neseio
2537 1073 2661 1135 quo

688 1159 930 1241 judicio
954 1157 1099 1232 Dei,
1125 1177 1167 1220 a
1192 1156 1463 1237 quodam
1489 1155 1695 1218 milite
1719 1156 1959 1236 sagitta
1982 1174 2311 1236 percussus
2334 1156 2661 1218 oeeumbe-

696 1271 814 1325 ret.
898 1261 1101 1344 Quem
1155 1261 1375 1324 statim
1429 1259 1629 1322 frater
1682 1277 1829 1320 suus
1882 1257 2201 1320 Henrieus
2253 1257 2660 1322 Wintoniam

697 1366 921 1430 referri
956 1365 1130 1439 feeit,
1177 1363 1436 1444 ibique'
1417 1383 1486 1424 111
1513 1333 1776 1427 eeclesia
1804 1359 2024 1422 Sancti
2052 1359 2231 1424 Petri
2257 1370 2406 1424 ante
2459 1366 2663 1444 majus

696 1469 900 1532 altare
973 1466 1307 1549 sepulturae
1365 1465 1654 1528 tradidit.
1774 1462 1913 1545 Quo
1962 1463 2211 1545 sepulto
2262 1462 2661 1528 Londoniam

696 1573 874 1636 venit
893 1579 1084 1652 atque
1111 1569 1282 1651 apud
1307 1567 1952 1633 westmonasterium
1980 1567 2403 1630 annuentibus
2418 1569 2663 1631 eunetis

698 1674 962 1739 Francis
987 1681 1054 1736 et
1073 1671 1303 1754 Anglis
1318 1691 1617 1734 eoronam
1643 1670 1827 1752 regni
1846 1669 2099 1750 Angliae
2114 1671 2403 1751 suscepit,
2420 1671 2664 1732 euneti-

697 1798 819 1860 que
865 1776 1086 1849 laetati,
1129 1774 1298 1856 quod
1328 1773 1519 1836 modo
1543 1793 1761 1854 regem
1786 1779 2012 1834 natum
2038 1772 2117 1834 de
2153 1792 2303 1853 rege
2328 1780 2397 1835 et
2420 1774 2661 1855 regina,

694 1891 766 1946 et
807 1881 1122 1944 nutritum
1165 1880 1234 1940 in
1289 1877 1532 1958 Anglia
1563 1876 1797 1940 habere
1841 1876 2235 1938 meruissent.
2318 1875 2664 1941 ordinatus

695 1994 932 2059 autem,
969 1985 1134 2047 sieut
1151 1981 1586 2061 intelligimus,
1610 1999 1727 2060 per
1748 1978 2145 2041 voluntatem
2171 1977 2317 2054 Dei,
2344 1977 2682 2044 Henrieus‘

695 2109 808 2152 rex
817 2087 1174 2170 Anglorum
1181 2084 1372 2165 eoepit
1378 2101 1683 2164 magnam
1687 2081 2005 2163 justitiam
2013 2101 2129 2163 per
2136 2089 2341 2146 totam
2354 2083 2663 2164 Angliam

695 2201 934 2267 tenere,
993 2198 1061 2253 et
1105 2197 1182 2251 ut
1221 2185 1517 2270 legaliter
1555 2187 1819 2258 viveret,
1864 2185 2107 2267 aceepit
2148 2205 2408 2248 uxorem
2460 2185 2661 2248 filiam

697 2299 866 2381 regis
897 2295 1142 2369 Seotiae,
1173 2293 1252 2354 de
1288 2310 1418 2373 qua
1433 2291 1712 2372 primum
1739 2308 1935 2352 unam
1970 2287 2173 2353 filiam
2199 2289 2443 2365 habuit,
2470 2310 2662 2371 quam

701 2410 924 2485 postea
970 2396 1345 2481 imperatori
1389 2394 1789 2458 Alemanniae
1815 2393 1884 2454 in
1910 2393 2390 2456 matrimonium
2429 2395 2663 2475 junxit.

699 2506 954 2571 Habuit
973 2511 1189 2568 autem
1203 2501 1284 2564 de
1311 2499 1533 2563 eadem
1551 2517 1745 2561 uxore
1766 2516 1881 2561 sua
1898 2516 2097 2559 unum
2116 2495 2321 2559 filium
2346 2498 2475 2579 qui,
2502 2498 2665 2561 sieut

698 2611 1032 2681 eredimus,
1050 2607 1106 2669 si
1125 2606 1209 2668 ad
1222 2602 1568 2686 perfectam
1585 2608 1843 2663 aetatem
1870 2600 2087 2662 venire
2113 2600 2435 2681 potuisset,
2462 2601 2664 2664 bonus

695 2716 889 2778 homo
923 2712 1161 2783 fixisset,
1189 2708 1301 2771 sed
1325 2726 1452 2768 non
1479 2704 1591 2765 diu
1629 2704 1850 2767 vivens
1877 2701 2025 2763 huie
2071 2702 2221 2764 vitae
2256 2700 2449 2764 finem
2491 2703 2663 2767 feeit.

700 2817 852 2881 Non
877 2816 1140 2897 longum
1167 2818 1383 2874 autem
1410 2816 1663 2888 tempus
1688 2805 1831 2878 fuit,
1851 2810 2185 2885 postquam
2211 2803 2533 2868 Hem-icus
2552 2826 2665 2868 rex

695 2938 993 2985 eoronam
1021 2912 1274 2995 Angljae
1308 2909 1599 2992 suseepit‚
1626 2907 1795 2989 qnod
1818 2904 2137 2969 Robertus
2176 2904 2377 2969 frater
2401 2927 2548 2971 suus
2582 2910 2663 2972 de

696 3020 1052 3089 Jerusalem
1073 3016 1281 3088 rediit,
1307 3020 1498 3094 atque
1523 3030 1705 3073 suam
1746 3007 2231 3083 Normanniam,
2258 3028 2449 3090 quam
2475 3010 2664 3074 fratri

696 3147 811 3191 suo
834 3120 1202 3187 willelmos
1238 3114 1617 3187 invediant,
1643 3113 1899 3193 reeepit.
1940 3111 2226 3175 Audiens
2251 3120 2469 3175 autem
2494 3115 2664 3195 quod

697 3228 1036 3299 Henrieus,
1080 3222 1282 3283 frater
1305 3236 1472 3291 suus,
1515 3236 1631 3277 rex
1673 3214 2033 3295 Anglorum
2074 3221 2239 3277 esset
2262 3216 2662 3292 eonstitutus,

695 3333 887 3416 eoepit
937 3325 1259 3409 indignari
1291 3323 1588 3386 adversus
1630 3318 1834 3392 illum,
1870 3317 2268 3399 multumque
2313 3320 2376 3380 ei
2427 3321 2662 3384 minari

695 3436 865 3521 quod
877 3450 1145 3516 regnum
1153 3426 1406 3509 Angliae
1421 3424 1733 3505 suscipere
1741 3441 1927 3483 ausus
1942 3420 2181 3496 fuisset,
2196 3442 2323 3485 non
2334 3431 2505 3485 reete
2516 3444 2661 3506 eog-

695 3544 868 3605 itans
891 3555 1096 3619 neque
1120 3531 1504 3612 intelligens,
1531 3527 1701 3609 quod
1732 3523 2062 3608 Scriptura
2079 3524 2270 3599 dieat,
2296 3525 2467 3606 quod
2482 3526 2663 3589 nulla

695 3650 994 3729 potestas,
1018 3638 1144 3699 nisi
1167 3633 1365 3697 a'Deo
1379 3639 1494 3694 est.
1576 3629 1726 3693 Hae
1751 3628 1953 3710 igitur
1971 3626 2051 3689 de
2066 3646 2256 3689 eausa
2274 3626 2464 3708 eoepit
2480 3630 2661 3691 navi-

695 3749 874 3831 gium
891 3759 1240 3827 praeparare
1255 3735 1440 3819 quale
1458 3731 1686 3815 potuit.
1730 3729 1870 3812 Quo
1877 3738 2247 3813 praeparato,
2268 3730 2338 3792 in
2354 3730 2659 3812 Angliam

694 3845 1220 3927 transnavigavit.
1299 3838 1620 3903 Henrieus
1658 3843 1875 3898 autem
1900 3854 2031 3908 rex,
2050 3835 2227 3915 eujus
2252 3831 2485 3895 fiducia
2521 3841 2663 3897 tota

697 3961 839 4019 erat
863 3954 932 4014 in
959 3947 1120 4023 Dee,
1145 3962 1447 4026 magnam
1472 3940 1777 4003 militiam
1804 3935 2163 4017 Anglorum
2187 3933 2491 3998 velociter
2514 3956 2660 3999 eon-

697 4068 971 4142 gregans
1007 4052 1304 4116 adversus
1328 4068 1474 4110 eum
1500 4044 1697 4117 venit,
1722 4047 1981 4123 paratus
2006 4038 2188 4101 illum
2215 4046 2282 4101 et
2306 4058 2525 4103 omnes
2550 4041 2661 4122 qui

697 4181 844 4226 eum
871 4179 948 4221 eo
984 4160 1310 4227 venerant,
1337 4151 1416 4214 de
1457 4157 1635 4211 terra
1662 4143 2019 4226 Anglorum
2066 4141 2394 4223 expellere.
2479 4142 2662 4225 Quod
