3192 5050
1067 641 1370 689 ANNALls
1409 640 1743 689 HISTORIA
1782 640 2051 689 BREvls.
2437 627 2555 693 171

583 783 764 867 Rege
817 785 1100 849 Henrico
1154 786 1431 849 Thomas
1484 783 1955 848 Cantuariensis
2010 784 2556 869 Archiepiscopus,

581 892 696 951 sed
721 891 940 952 eodem
982 911 1148 954 anno
1189 911 1229 953 a
1276 890 1646 971 quibusdam
1686 889 1998 952 militibus
2022 888 2388 952 interfectus
2440 900 2553 952 est.

584 992 729 1057 Hoc
782 996 916 1077 ipso
969 1016 1154 1069 anno,
1217 995 1596 1057 concedente
1652 993 1830 1075 Papa
1882 992 2264 1067 Alexandro,
2332 1002 2557 1056 unctus

579 1106 680 1159 est
722 1100 788 1159 in
844 1098 1085 1180 Regem
1138 1099 1220 1160 ab
1263 1097 1751 1179 Archiepiscopo
1791 1096 2176 1160 Eboracensi
2217 1096 2555 1171 Henricus,

582 1199 748 1264 filius
774 1201 969 1283 Regis
995 1201 1284 1265 Henrici.

660 1307 852 1370 Anno
877 1307 1055 1373 1173.
1097 1307 1415 1369 Henricus
1473 1305 1617 1369 Rex
1681 1308 1958 1389 perrexit
2027 1305 2435 1380 Hiberniam,
2485 1315 2554 1367 et

579 1411 1074 1475 dominationem
1100 1422 1285 1473 terrae
1311 1413 1432 1473 sibi
1458 1412 1853 1493 conquisivit.

658 1517 848 1579 Anno
875 1516 1050 1583 1174.
1093 1516 1232 1580 Rex
1286 1515 1571 1579 Franciae
1624 1514 1979 1579 Ludovicus
2030 1514 2281 1577 obsedit
2329 1515 2551 1576 urbem

579 1620 959 1703 Rothomag.
986 1644 1132 1684 cum
1158 1624 1436 1684 exercitu
1460 1620 1693 1684 valido,

653 1727 845 1789 Anno
870 1726 1046 1791 1179.
1092 1725 1268 1788 Obiit
1292 1725 1662 1787 Willelmus
1688 1742 1785 1801 11.,
1814 1726 2034 1789 Abbas
2063 1725 2345 1791 Oadomi.

654 1831 845 1893 Anno
871 1831 1048 1894 1183.
1091 1830 1408 1893 Henricus
1428 1832 1661 1912 junior,
1691 1812 1829 1893 Rex
1857 1829 2127 1912 Angliae,
2156 1834 2334 1895 obiit.
2404 1833 2549 1898 Hoc

571 1936 794 1998 eodem
846 1956 1015 2000 anno
1066 1937 1228 1998 obiit
1283 1935 1503 2009 Rotro,
1558 1935 2083 2016 Archiepiscopus
2137 1934 2547 2020 Rothomagi.

577 2039 697 2101 Cui
723 2042 1013 2103 successit
1039 2039 1394 2103 Walterius
1418 2040 1497 2101 de
1528 2037 1935 2100 ConstantiiS.

652 2144 843 2207 Anno
869 2145 1046 2211 1187.
1092 2144 1297 2227 Capta
1331 2153 1428 2205 est
1454 2144 1681 2205 civitas
1712 2141 2116 2205 Hierusalem
2156 2164 2199 2207 a
2228 2144 2547 2222 SaladinO,

575 2241 868 2331 Principe
896 2248 1316 2331 Paganorum.

651 2353 842 2417 Anno
869 2354 1044 2417 1189.
1091 2353 1244 2416 Obit
1294 2354 1555 2416 illustris
1597 2354 1951 2435 Anglorum
2019 2353 2160 2416 Rex
2210 2353 2547 2431 Henricus,

569 2467 752 2541 pater
790 2458 1060 2521 Hem-ici
1086 2467 1153 2521 et
1179 2458 1440 2522 Ricardi
1466 2458 1738 2542 Regum,
1764 2459 1934 2541 apud
1962 2457 2233 2521 Chinon.

649 2566 841 2627 Anno
866 2565 1043 2628 1190.
1087 2564 1508 2627 Perrexerunt
1532 2567 1601 2626 in
1630 2564 2035 2627 Hierusalem
2052 2563 2378 2642 Ricardus‚
2406 2566 2546 2629 Rex

569 2669 840 2751 Angliae,
857 2679 924 2731 et
951 2668 1300 2752 Philippus,
1327 2668 1468 2732 Rex
1493 2667 1800 2732 Franciae.
1881 2667 1962 2731 In
1981 2669 2101 2732 hoc
2126 2671 2353 2732 itinere
2378 2673 2546 2754 cepit

568 2772 875 2836 Ricardus
916 2773 1266 2848 Miscenas3
1309 2773 1605 2856 Philippo
1645 2775 1738 2836 ibi
1775 2774 2093 2856 hospitato
2134 2776 2257 2837 sibi
2295 2777 2547 2839 venalia

565 2899 680 2960 per
704 2879 1010 2942 invidiam
1037 2879 1428 2962 prohibente.
1510 2879 1761 2942 Deinde
1790 2877 2065 2961 Cyprum
2094 2879 2384 2955 insulam,
2415 2879 2545 2942 Im-

566 2992 856 3065 peratore
908 2985 1187 3066 ejusdem
1229 2985 1568 3066 captivato,
1607 3004 1751 3045 cum
1792 3003 1906 3046 sua
1951 2981 2087 3046 filia
2125 2985 2249 3046 sibi
2286 2987 2545 3068 navigio

566 3090 959 3170 conquisivit.
1043 3088 1167 3171 Qui
1205 3109 1350 3150 cum
1390 3087 1619 3152 Achon
1659 3108 1801 3149 cum
1833 3085 2129 3170 Philippo
2167 3091 2447 3171 cepisset,
2476 3099 2543 3151 et

566 3213 679 3274 per
706 3213 770 3254 se
797 3193 1002 3255 multa
1025 3194 1262 3276 oppida
1285 3194 1699 3275 subjugasset,
1725 3193 1953 3266 rediit3
1994 3192 2398 3254 Hierusalem
2424 3194 2543 3253 mi-

568 3298 738 3359 nime
764 3297 1051 3360 liberata.

643 3402 836 3464 Anno
861 3401 1037 3464 1192.
1079 3401 1368 3464 Eundem
1399 3401 1741 3464 Ricardum
1769 3402 1851 3463 ab
1867 3399 2269 3462 Hierusalem
2290 3401 2541 3463 incaute

566 3507 935 3568 redeuntem
960 3508 1127 3589 cepit
1154 3506 1303 3569 Dux
1342 3507 1422 3568 de
1453 3505 1795 3568 Osteriche.
1877 3505 2006 3567 Pro
2042 3509 2217 3587 cujus
2258 3506 2542 3586 redemp-

565 3613 739 3674 tione
766 3612 962 3674 totius
986 3613 1168 3693 regni
1193 3610 1489 3673 Ecclesiae
1513 3611 1811 3672 calicibus
1830 3617 1898 3671 et
1922 3610 2232 3671 thesauris
2257 3609 2539 3690 spoliatae

567 3725 732 3778 sunt.
812 3713 958 3777 Hoc
984 3735 1151 3778 anno
1177 3714 1525 3798 Philippus,
1566 3714 1708 3777 Rex
1733 3712 2035 3787 Franciae,
2069 3711 2274 3775 multa
2308 3714 2540 3795 oppida

567 3818 636 3882 N
636 3822 982 3884 ormanniae
1026 3822 1211 3902 cepit,
1259 3828 1326 3883 et
1373 3818 1845 3900 Rothomagum
1890 3818 2155 3892 obsedit,
2208 3815 2537 3880 dum-Rex

565 3923 873 3988 Ricardus
898 3926 965 3986 in
992 3924 1378 3988 Alamannia
1401 3933 1743 3987 teneretur.

644 4032 834 4092 Anno
863 4029 1038 4092 1193.
1081 4030 1219 4093 Rex
1287 4028 1593 4094 Ricardus
1648 4028 1951 4090 liberatus
2009 4033 2121 4088 est.
2205 4024 2534 4090 Mensibus

563 4149 702 4196 xlv.
786 4142 997 4196 tentus
1078 4134 1219 4198 fuit.
1317 4133 1462 4196 Hoc
1530 4151 1697 4195 anno
1766 4132 1927 4194 obiit
1996 4129 2239 4204 Petrus,
2313 4132 2533 4193 Abbas

445 4248 452 4254 '
567 4237 850 4326 Qadomi.

645 4341 836 4404 Anno
864 4345 1042 4408 1195.
1084 4344 1235 4408 Fuit
1261 4345 1499 4408 bellum
1526 4346 1697 4406 inter
1726 4343 2116 4406 Christianos
2142 4348 2210 4402 et
2238 4338 2529 4422 Paganos

2160 4461 2210 4508 N
