3192 5050
658 569 738 634 76
1027 587 1240 635 solur.
1281 587 1527 636 RERUM
1565 590 1758 636 ess'r.
1801 591 2154 640 wamiam
2195 595 2242 641 1.

656 727 914 790 clericos
939 731 1165 810 posuit,
1205 751 1246 793 a
1272 732 1497 812 quibus
1520 735 1884 809 morienteS,
1911 744 1978 796 et
2004 737 2171 798 unde
2198 737 2320 799 sibi
2345 736 2625 819 sepultu-

656 851 796 894 ram
856 842 1110 915 possent
1160 855 1511 917 praerparare
1563 857 1691 898 non
1746 837 2069 913 habentes,
2131 840 2364 921 absque
2417 840 2625 922 pretio

656 940 1135 1021 susciperentur,
1176 941 1446 1021 suscepti
1493 940 1645 1002 illuc
1672 941 2084 1017 deferrentur,
2123 943 2322 1006 delati
2361 944 2623 1005 honeste

656 1042 1087 1124 sepelirentur.
1172 1041 1251 1104 In
1278 1043 1577 1104 maneriis
1620 1043 1704 1104 ad
1744 1044 2279 1128 archiepiscopum
2306 1046 2623 1127 pertinen-

654 1146 827 1206 tibus
852 1145 1086 1208 multas
1132 1152 1198 1208 et
1242 1145 1537 1208 honestas
1576 1145 1866 1209 ecclesias
1905 1146 2243 1222 edificavit,
2284 1148 2519 1211 multas
2557 1156 2623 1208 et

656 1249 1124 1312 honestissimas
1163 1250 1381 1312 domos
1414 1251 1812 1332 praeparavit,
1865 1269 2002 1333 quae
2040 1259 2106 1314 et
2146 1252 2624 1333 archiepiscopis

656 1361 864 1414 essent
891 1353 1315 1426 delectationi,
1356 1361 1422 1414 et
1449 1353 1676 1416 honori
1717 1363 1784 1415 et
1822 1356 2202 1437 pauperibus
2241 1354 2621 1426 hominibus,

657 1459 765 1538 qui
786 1458 1288 1539 Archiepiscopis
1312 1458 1529 1520 domos
1555 1459 1892 1540 saepissime
1918 1458 2376 1540 praeparabant,
2416 1463 2622 1520 essent

654 1563 824 1623 tanti
863 1562 1097 1623 laboris
1122 1561 1561 1624 sublevationi.
1642 1561 1991 1624 Ecclesiam
2029 1560 2388 1625 Roffensem
2417 1582 2458 1624 a
2481 1561 2624 1621 fun-

654 1665 969 1727 damentis
1034 1665 1289 1746 incepit,
1368 1665 1688 1746 inceptam
1753 1665 2014 1726 honeste
2080 1664 2362 1745 perfecit,
2429 1683 2619 1744 quam

654 1768 872 1830 multis
923 1775 991 1830 et
1044 1767 1322 1829 honestis
1373 1768 1696 1830 decoravit
1746 1769 2170 1830 ornamentis:
2244 1770 2500 1849 insuper
2551 1777 2619 1829 et

654 1871 1067 1935 reverandam
1134 1871 1295 1931 inibi
1354 1871 1806 1933 monachorum
1869 1870 2241 1952 religionem
2315 1871 2616 1934 instituit.

657 1976 887 2039 Terras
911 1976 989 2036 de
1016 1974 1278 2038 ecclesia
1300 1974 1492 2056 longo
1518 1983 1802 2057 tempore
1829 1974 2076 2037 ablatas
2103 1975 2236 2057 ipse
2263 1975 2617 2056 acquisivit,

654 2102 808 2164 quas
834 2081 1160 2144 monachis
1193 2080 1276 2142 ad
1301 2081 1541 2142 victum
1577 2088 1644 2141 et
1682 2079 1984 2140 vestitum
2027 2079 2261 2141 habere
2309 2079 2616 2160 permisit.

653 2184 923 2248 Necnon
960 2183 1287 2246 ecclesiam
1330 2182 1549 2245 Sancti
1589 2182 1830 2245 Albani
1868 2182 2161 2244 fundavit
2199 2189 2266 2244 et
2304 2181 2435 2244 fere
2474 2202 2621 2244 con-

651 2287 1010 2350 summavit.
1096 2285 1299 2368 Quam
1328 2286 1523 2380 etiam
1550 2285 1771 2346 multis
1797 2293 1863 2346 et
1901 2285 2192 2367 pretiosis
2229 2285 2619 2347 ornamentis

650 2391 1000 2474 ampliavit.

732 2490 1402 2558 PRONUNOIATO
1468 2491 1899 2555 anniversario
1954 2489 2217 2554 Domini
2273 2488 2617 2553 Lanfranci

650 2598 1147 2680 archiepiscopi
1128 2617 1196 2657 m
1224 2596 1521 2677 capitu10,
1560 2616 1779 2658 omnes
1807 2594 1995 2657 simul
2021 2595 2249 2657 fratres
2273 2595 2617 2676 procedant

651 2704 719 2764 in
765 2700 1091 2763 ecclesiam
1124 2706 1423 2761 canentes
1470 2697 1694 2761 Verba
1737 2719 1900 2773 mea,
1940 2699 2200 2760 interim
2248 2699 2615 2760 sonantibus

646 2804 941 2869 omnibus
966 2804 1182 2885 signis.
1265 2784 1420 2865 Post
1444 2822 1682 2864 caenam
1710 2802 1960 2883 pulsato
2001 2801 2202 2883 signo,
2241 2802 2325 2863 ad
2362 2801 2614 2883 vigilias

646 2927 865 2971 omnes
929 2907 1115 2970 solito
1167 2927 1343 2969 more
1397 2906 1797 2978 conveniant,
1863 2906 2032 2987 ipsas
2082 2904 2335 2987 vigilias
2387 2905 2613 2967 festive

647 3020 974 3093 peragant,
1044 3011 1170 3072 duo
1215 3010 1499 3083 tertium,
1553 3016 1684 3071 tres
1727 3016 1996 3081 sextum,
2048 3016 2320 3089 quatuor
2373 3028 2612 3069 nonum

646 3114 1105 3197 responsorium
1164 3120 1417 3175 canant.
1540 3110 1622 3173 In
1674 3112 1950 3173 crastino
1994 3111 2253 3192 quisque
2309 3110 2616 3185 sacerdos,

647 3220 903 3279 missam
922 3238 1038 3299 pro
1056 3238 1132 3279 eo
1158 3217 1474 3279 celebrare
1500 3216 1708 3289 debet,
1735 3222 1802 3277 et
1822 3215 1931 3296 qui
1967 3215 2225 3276 missam
2245 3234 2371 3276 non
2393 3222 2614 3276 cantat

646 3324 1109 3405 quinquaginta
1160 3321 1433 3403 psalmos
1484 3328 1717 3383 cantet.
1801 3318 2005 3381 Missa
2056 3320 2122 3379 in
2176 3326 2490 3381 conventu
2542 3318 2612 3379 in

646 3428 809 3490 albis
827 3427 1051 3489 festive
1076 3426 1463 3499 celebretur;
1508 3425 1592 3486 ad
1620 3444 1808 3505 quam
1835 3430 2059 3485 cantor
2097 3431 2163 3485 et
2201 3444 2346 3485 cum
2386 3444 2462 3487 eo
2488 3424 2614 3486 duo

646 3532 760 3595 alii
804 3532 1034 3593 fratres
1088 3531 1217 3592 sint
1242 3530 1458 3610 cappis
1505 3529 1748 3589 induti:
1807 3534 1937 3589 tres
2003 3527 2087 3590 ad
2130 3528 2612 3609 responsorium,

647 3643 917 3719 quatuor
956 3634 1039 3696 ad
1078 3640 1355 3694 tractum
1407 3631 1702 3693 similiter
1742 3631 1809 3691 in
1850 3631 2083 3713 cappis.
2162 3629 2271 3692 Ad
2308 3650 2612 3712 pauperes

645 3739 985 3823 pascendos
1010 3738 1146 3818 ipso
1186 3735 1289 3796 die
1329 3734 1702 3796 secretarius
1743 3733 1932 3795 debet
1971 3733 2122 3795 dare
2162 3732 2392 3795 solidos
2431 3734 2611 3814 quin-

646 3843 870 3918 decim,
923 3840 1289 3903 cellararius
1328 3858 1479 3900 vero
1517 3838 1753 3919 viginti
1794 3838 2089 3919 quinque,
2143 3837 2472 3899 servitium
2513 3857 2610 3898 re-

645 3948 894 4010 fectorii
939 3944 1162 4006 festive
1203 3941 1343 4005 fieri
1382 3943 1544 4004 sicut
1584 3943 1652 4002 in
1695 3942 2043 4005 festivitate
2082 3943 2269 4004 unius
2295 3940 2608 4024 Apostoli.

646 4050 930 4115 Ecclesia
970 4056 1197 4131 parata
1236 4056 1626 4130 permaneat,
1693 4048 1854 4109 sicut
1892 4047 1959 4108 in
2006 4046 2352 4109 festivitate
2407 4046 2611 4108 sancti

646 4155 991 4237 Augustini
1017 4154 1214 4215 donec
1239 4160 1580 4235 peragatur
1599 4152 1946 4214 servitium.
