3192 5050
708 621 748 682 2
1093 639 1306 686 semp.
1349 638 1592 686 RERUM
1634 639 1823 686 ens'r.
1868 639 2220 686 w1LLELM1
2266 643 2309 687 1.

713 782 1008 843 omnibus
1052 803 1188 863 quae
1231 783 1315 844 ad
1358 782 1544 863 hujus
1591 777 1838 844 itin'eris
1884 785 2210 866 negotium
2256 785 2679 866 pertinebant,

715 896 1055 966 antequam
1085 887 1162 947 de
1192 884 1594 948 Normannia
1621 888 1959 968 recederet,
1986 890 2358 970 congregari
2390 889 2541 950 fecit
2568 889 2678 950 ba-

714 1009 897 1050 rones
966 988 1399 1064 Normanniae,
1468 991 1667 1072 iisque
1725 967 2209 1054 ‘commendavit
2272 992 2679 1055 Willelmum

713 1092 916 1154 filium
971 1115 1174 1169 suum,
1218 1103 1292 1156 ut
1329 1097 1651 1157 nutrirent
1696 1105 1761 1157 et
1804 1097 2194 1159 custodirent
2232 1097 2433 1172 illum,
2478 1099 2674 1160 donec

712 1199 899 1258 sciret
946 1206 1011 1260 et
1065 1207 1271 1280 posset
1310 1207 1548 1262 terram
1597 1209 1815 1261 tenere
1860 1209 1927 1262 et
1969 1222 2207 1283 regere.
2290 1200 2459 1263 Eum
2504 1204 2676 1264 enim

714 1303 1026 1363 haeredem
1071 1303 1346 1364 faciebat
1386 1311 1526 1385 post
1571 1325 1636 1366 se
1682 1304 1759 1365 de
1804 1312 1977 1365 terra
2024 1303 2456 1380 Normanniae,
2505 1316 2578 1368 ut
2623 1309 2677 1368 si

713 1428 859 1468 casu
903 1408 1114 1489 aliquo
1156 1410 1286 1490 ipse
1331 1429 1457 1469 non
1499 1409 1754 1482 rediret,
1790 1407 1959 1469 filius
2002 1429 2149 1470 suus
2192 1408 2563 1471 Willelmus
2607 1412 2673 1471 in

708 1520 975 1593 paterna
999 1514 1368 1574 haereditate
1405 1514 1538 1574 sine
1587 1513 1721 1574 ulla
1758 1513 2255 1574 contradictione
2296 1514 2673 1576 succederet.

711 1615 1050 1698 Dispositis
1076 1637 1226 1699 ergo
1247 1616 1538 1678 omnibus
1567 1636 1704 1698 quae
1734 1616 1816 1677 ad
1842 1636 1989 1677 usus
2009 1615 2179 1678 illius
2194 1619 2313 1679 viae
2340 1620 2677 1680 necessitas

712 1721 1025 1801 poscebat,
1055 1728 1120 1781 et
1157 1720 1600 1790 commendato
1626 1718 1962 1781 Willelmo
2002 1718 2137 1801 filio
2184 1741 2295 1782 suo
2336 1723 2677 1784 baronibus

710 1825 854 1897 suis,
901 1845 1087 1905 quem
1135 1824 1447 1885 haeredem
1490 1824 1568 1883 de
1621 1821 2022 1884 Normannia
2058 1822 2351 1897 faciebat,
2397 1828 2676 1905 perrexit

711 1928 1064 1990 Jerusalem
1097 1927 1322 1990 Comes
1345 1928 1680 1991 RobertuS.
1768 1927 1894 1988 Sed
1921 1947 2114 2008 quum
2150 1928 2295 1988 inde
2324 1929 2579 2003 rediret,
2606 1931 2674 1989 in

709 2033 864 2094 urbe
913 2054 1050 2114 quae
1107 2041 1370 2094 vocatur
1416 2030 1584 2092 Nica
1638 2031 1806 2091 diem
1854 2031 2080 2092 clausit
2138 2040 2510 2094 extremum,
2593 2033 2673 2095 In

705 2158 829 2218 quo
854 2137 992 2199 loco
1019 2135 1359 2198 honorifice
1402 2110 1685 2216 sepultus
1716 2143 1830 2208 est,
1872 2143 1938 2196 et
1966 2137 2132 2196 sicut
2160 2135 2417 2215 quidam
2453 2146 2674 2217 postea

703 2241 1078 2314 retulerunt,
1106 2241 1189 2302 ad
1215 2239 1569 2321 sepulcrum
1608 2241 1740 2320 ejus
1786 2239 2070 2319 quaedam
2116 2239 2302 2321 signa
2361 2241 2671 2302 virtutum

702 2346 1124 2425 contigerunt.

783 2447 974 2510 Libet
1010 2470 1161 2510 vero
1196 2449 1516 2509 memoriae
1557 2447 1809 2508 tradere
1851 2448 2163 2529 quoddam
2212 2448 2462 2531 signum
2492 2449 2671 2510 boni-

699 2554 855 2615 tatis
903 2551 1170 2614 Comitis
1225 2552 1510 2623 Roberti‚
1565 2551 1733 2632 quod
1780 2552 1917 2612 vice
1960 2552 2231 2635 quadam
2277 2554 2341 2613 in
2385 2544 2521 2635 ipsa
2565 2556 2673 2617 via

701 2659 800 2719 his
828 2658 937 2738 qui
977 2678 1122 2718 cum
1159 2656 1271 2717 illo
1297 2657 1479 2716 ibant
1515 2655 1812 2727 ostendit,
1852 2662 1923 2714 ut
1964 2675 2041 2715 ex
2068 2656 2208 2717 hoc.
2225 2666 2671 2738 unonatenter

701 2762 943 2823 cunctis
969 2761 1378 2822 manifestum
1407 2760 1490 2819 sit
1528 2779 1719 2839 quam
1761 2758 2093 2819 humiliter
2120 2761 2405 2841 injurias,
2433 2782 2570 2843 quae
2610 2766 2671 2824 ei

697 2866 1097 2947 fiebant,'pro
1137 2884 1351 2926 amore
1395 2862 1521 2925 Dei
1562 2862 1848 2943 pertulit.
1935 2862 2223 2944 Quadam
2251 2885 2527 2947 namque
2564 2868 2669 2928 die

698 2970 969 3050 contigit
1013 2988 1156 3028 eum
1195 2968 1278 3028 ad
1323 2967 1637 3047 quendam
1688 2966 1894 3028 locum
1942 2968 2053 3028 ubi
2096 2967 2409 3043 musellas,
2464 2971 2531 3030 id
2574 2980 2669 3033 est

697 3073 1030 3147 tributum,
1060 3071 1334 3131 debebat
1372 3090 1488 3152 pro
1531 3090 1595 3131 se
1624 3078 1691 3131 et
1716 3091 1831 3151 pro
1872 3073 2273 3152 pauperibuS‚
2303 3076 2411 3155 qui
2440 3076 2507 3136 in
2536 3080 2669 3157 ejus

695 3177 1001 3239 comitatu
1049 3184 1251 3248 crant,
1296 3174 1667 3255 persolvere.
1754 3172 1929 3235 Dum
1972 3176 2185 3256 itaque
2222 3178 2313 3238 ibi
2355 3200 2498 3240 cum
2541 3181 2668 3242 suis

692 3281 1056 3343 hominibus
1083 3285 1444 3360 expectaret
1462 3278 1661 3339 donec
1678 3299 1897 3339 omnes
1924 3299 2246 3360 pauperes,
2276 3301 2429 3362 quos
2455 3304 2663 3344 secum

695 3385 982 3458 ducebat,
1004 3383 1274 3444 transire
1297 3382 1562 3455 fecisset,
1582 3383 1839 3463 quidam
1868 3383 1945 3443 de
1972 3386 2255 3465 paganis,
2279 3388 2385 3467 qui
2413 3388 2663 3449 easdem

696 3488 991 3549 musellas
1038 3487 1451 3567 accipiebant,
1497 3487 1700 3547 iratus
1741 3495 1965 3547 contra
2006 3508 2171 3562 eum,
2200 3499 2452 3572 arrepto
2498 3492 2663 3554 fuste

694 3594 964 3667 fortiter,
1019 3613 1164 3655 eum
1209 3611 1396 3672 super
1439 3591 1694 3651 dorsum
1748 3592 2069 3672 percussit.
2152 3590 2466 3655 Homines
2512 3616 2663 3656 vero

694 3697 866 3757 illius
907 3697 1194 3759 videntes
1242 3694 1394 3775 quid
1451 3692 1733 3755 Roberto
1785 3693 2022 3755 comiti
2065 3716 2349 3777 paganus
2396 3698 2661 3771 fecisset,

691 3823 841 3862 mox
866 3800 1046 3861 illum
1074 3799 1412 3862 voluerunt
1438 3807 1786 3878 percutere,
1805 3809 1870 3860 et
1896 3802 2304 3881 percutiendo
2333 3802 2658 3863 dominum

688 3924 871 3965 suum
924 3904 1266 3965 vindicare.
1351 3900 1670 3962 Robertus
1724 3922 1875 3963 vero
1948 3901 2189 3978 ComeS,
2252 3926 2379 3966 non
2433 3926 2659 3986 parum

683 4008 865 4069 laetus
892 4007 970 4066 de
1007 4006 1256 4087 injuria,
1295 4024 1486 4086 quam
1516 4026 1632 4086 pro
1663 4003 1789 4066 Dei
1826 4026 2042 4067 amore
2088 4018 2460 4089 susceperat,
2489 4032 2655 4071 com-

684 4112 927 4194 pescuit
963 4129 1105 4171 suos
1142 4109 1448 4181 homineS,
1486 4117 1552 4168 et
1588 4109 1667 4169 iis
1714 4109 1911 4170 dixit:
1955 4114 1990 4141 “
2012 4107 2200 4170 Nihil
2228 4112 2474 4173 malici
2503 4113 2656 4175 faci—

675 4218 816 4289 atis,
855 4215 1004 4296 quia
1043 4233 1155 4295 per
1196 4212 1476 4273 animam
1506 4214 1749 4273 ventris
1783 4214 1911 4273 inei
1952 4214 2160 4295 magis
2195 4236 2333 4277 sum
2364 4217 2547 4280 laetus
2575 4219 2654 4279 de
