3192 5050
678 585 760 649 82
1080 600 1294 648 801111».
1324 583 1569 647 RERUM
1595 600 1788 647 ons‘r.
1826 600 2186 651 WILLELMI
2217 601 2264 647 1.

676 745 1031 806 condonare
1058 744 1289 806 maluit
1314 744 1397 806 ob
1416 743 1832 806 rationabiles
1851 763 2089 806 causas.
2175 742 2505 824 Nigellum
2533 743 2661 805 alio

673 856 980 928 tempore,
1001 849 1299 931 quoniam
1327 849 1612 930 improbe
1638 847 2003 922 offensabat,
2033 846 2222 910 exilio
2234 849 2532 927 punitum
2561 847 2659 907 fu-

673 950 790 1014 isse
812 953 1145 1034 comperio.
1231 951 1484 1015 Guido
1465 974 1534 1013 1n
1552 951 1992 1034 Burgundiam
2013 960 2236 1034 sponte
2256 953 2446 1014 rediit
2466 973 2651 1034 prop-

671 1064 772 1117 ter
797 1056 1153 1117 molestiam
1189 1056 1424 1138 probri.
1506 1054 1704 1118 Ferre
1744 1056 1913 1138 apud
1945 1054 2352 1118 Normannos
2389 1056 2652 1137 pigebat

671 1158 864 1219 vilem
883 1179 947 1218 se
964 1159 1223 1234 cunctis,
1244 1159 1529 1220 odiosum
1546 1177 1678 1220 esse
1695 1158 1932 1220 multis.
1987 1155 2077 1218 Et
2100 1157 2474 1239 Burgundia
2490 1157 2653 1219 tole-

670 1262 858 1322 rabat
884 1283 1029 1322 eum
1046 1263 1267 1325 invita.
1310 1260 1625 1344 Equidem
1653 1263 1706 1323 si
1721 1261 2022 1324 valuisset
2033 1261 2142 1323 1118
2169 1269 2477 1341 quantum
2496 1281 2641 1322 con-

670 1366 993 1440 tendebat,
1020 1386 1396 1447 germanum
1438 1386 1642 1440 suum,
1691 1367 1884 1448 ipsius
1923 1366 2260 1449 provinciae
2305 1364 2640 1440 Comitem,

672 1466 1079 1531 Willelmum
1123 1477 1457 1550 potentatu
1484 1471 1795 1548 privasset
1833 1477 1899 1530 et
1939 1470 2093 1531 vita.
2176 1467 2397 1530 Annos
2437 1469 2652 1530 decem

672 1574 740 1632 in
769 1574 964 1633 armis
984 1581 1051 1634 et
1076 1572 1348 1654 amplius
1373 1572 1802 1647 consumebat,
1820 1592 2058 1634 venans
2082 1570 2313 1653 praeliis
2337 1580 2473 1632 tam
2502 1591 2650 1651 cog-

671 1682 892 1736 natum
915 1676 1307 1755 sanguinem.
1354 1672 1518 1756 Quid
1542 1675 1848 1747 laborem,
1877 1681 1950 1735 ut
1976 1674 2332 1736 evidentius
2355 1673 2655 1754 nequitiae

671 1779 1063 1840 testimonim
1093 1777 1439 1840 adducam?
1492 1777 1561 1838 N
1559 1779 1853 1839 ormanni
1873 1778 2150 1859 superati
2163 1777 2357 1838 semel
2377 1777 2654 1839 universi

672 1882 835 1944 colla
844 1883 1175 1944 subdidere
1197 1881 1477 1944 Domino
1493 1902 1624 1956 suo,
1637 1889 1827 1963 atque
1847 1881 2095 1943 obsides
2117 1881 2346 1942 dedere
2373 1879 2654 1961 plurimi·

672 1983 841 2048 Dein
859 1987 941 2046 ad
952 1988 1194 2067 jussum
1210 1988 1343 2067 ejus
1363 1985 1825 2046 festinanterac
1840 1984 2124 2046 funditus
2136 1985 2499 2045 destruxere
2511 2005 2653 2045 mu-

671 2091 946 2152 nitiones
957 2111 1262 2153 novarum
1276 2111 1487 2152 rerum
1506 2090 1716 2151 studio
1744 2097 2152 2152 constructas.
2236 2086 2653 2151 Insolentiam

672 2193 867 2255 humo
876 2201 1061 2255 tenus
1068 2213 1327 2274 posuere
1341 2192 1774 2274 Metropolitae
1785 2190 2299 2272 RotomagenseS,
2309 2211 2496 2272 quam
2509 2212 2654 2253 con—

673 2306 777 2359 tra
793 2297 1098 2359 tenellum
1134 2295 1449 2359 Comitem
1475 2304 1952 2378 usurpaverant.
2025 2294 2406 2358 Gaudebant
2425 2296 2652 2357 dehinc

671 2399 985 2474 Ecclesiae,
1014 2401 1163 2482 quia
1188 2401 1471 2462 divinum
1500 2401 1566 2460 in
1595 2399 2060 2481 tranquillitate
2090 2399 2408 2461 celebrare
2422 2407 2652 2480 myste—

672 2505 839 2567 rium
903 2505 1155 2578 licebat,
1209 2504 1537 2567 exultabat
1590 2505 1971 2586 negotiator,
2037 2511 2198 2579 tuto,
2262 2523 2388 2586 quo
2434 2503 2648 2579 vellet,

674 2610 906 2670 iturus:
947 2606 1391 2689 gratulabatur
1418 2607 1698 2688 agricola
1724 2608 1889 2689 quod
1916 2627 2203 2669 securum
2231 2616 2371 2668 erat
2395 2608 2650 2669 novalia

673 2712 971 2783 scindere,
999 2730 1174 2791 spem
1202 2710 1456 2791 frugum
1486 2728 1801 2791 spargere,
1827 2729 1944 2770 nec
1972 2709 2228 2771 latitare
2256 2710 2463 2771 milite
2489 2712 2644 2773 viso.

674 2813 987 2894 Cujusque
1014 2812 1408 2885 conditionis,
1436 2815 1732 2893 cujusque
1758 2812 2015 2886 ordinis,
2034 2812 2224 2874 homo
2251 2810 2497 2875 Ducem
2518 2812 2652 2873 lau-

671 2917 855 2977 dibus
875 2917 959 2978 ad
984 2918 1191 2978 sidera
1223 2916 1509 2990 tollebat,
1529 2915 1993 2997 longitudinem
2015 2916 2076 2977 81
2103 2916 2251 2977 vitae
2276 2924 2466 2997 atque
2483 2917 2650 2977 sani-

674 3027 874 3081 tatem
902 3021 1069 3081 votis
1094 3020 1386 3081 omnibus
1412 3019 1696 3100 optabat.

754 3120 1274 3186 Vicissitudinem
1313 3129 1455 3203 post
1493 3122 1626 3182 haec
1654 3122 1786 3203 ipse
1830 3120 1996 3203 Regi
2037 3119 2160 3183 fide
2189 3120 2647 3183 studiosissima

674 3226 966 3300 reddidit,
1006 3234 1267 3307 rogatus
1292 3226 1375 3288 ab
1401 3246 1477 3288 eo
1504 3224 1815 3287 auxilium
1856 3233 2080 3287 contra
2103 3225 2404 3307 quosdam
2434 3227 2648 3286 inimi-

670 3332 949 3393 cissimos
1002 3332 1063 3391 ei
1115 3340 1305 3412 atque
1359 3330 1826 3412 potentissimos
1870 3330 1954 3391 ad
2005 3326 2424 3391 officiendum.
2506 3328 2648 3391 Rex

669 3435 908 3495 etenim
936 3432 1255 3495 Henricus
1279 3434 1748 3497 contumeliosis
1786 3432 2091 3495 Gaufredi
2122 3431 2410 3495 Martelli
2437 3434 2648 3496 verbis

669 3538 974 3612 irritatus,
1001 3539 1346 3600 exercitum
1373 3547 1597 3600 contra
1623 3558 1769 3600 eum
1810 3539 2010 3612 duxit,
2054 3545 2122 3600 et
2168 3544 2446 3599 castrum
2491 3541 2645 3619 ejuS,

671 3642 837 3723 quod
854 3640 1297 3703 Molendinum
1327 3641 1543 3703 Herlae
1562 3642 1926 3716 vocabatur,
1957 3643 2023 3702 in
2040 3662 2205 3725 pago
2225 3640 2646 3722 Andegaven-

670 3746 742 3818 si,
768 3765 914 3806 cum
940 3766 1135 3807 manu
1162 3745 1375 3807 valida
1399 3745 1645 3807 obsedit
1685 3753 1752 3807 et
1793 3748 2198 3828 expugnavit.
2284 3743 2646 3808 Cernebant

672 3847 1082 3930 Francigenae
1110 3848 1275 3929 quod
1303 3849 1543 3910 invidia
1569 3869 1697 3910 non
1725 3850 1899 3910 cerni
1924 3848 2136 3923 vellet,
2164 3850 2509 3910 exercitum
2538 3848 2645 3909 de-

671 3952 929 4014 ductum
957 3972 992 4012 e
1023 3949 1425 4013 Normannia
1466 3951 1602 4013 sola
1625 3954 1802 4035 regio
1826 3955 2154 4034 majorem,
2193 3952 2489 4031 omnique
2517 3950 2644 4011 col-

668 4054 855 4137 legio,
878 4065 1184 4135 quantum
1204 4055 1600 4117 adduxerant
1619 4056 1721 4117 vel
1739 4057 2047 4117 miserant
2065 4052 2344 4117 Comites
2362 4054 2641 4135 plurimi.

673 4158 1095 4221 Celeberrime
1155 4160 1221 4219 in
1292 4159 1664 4241 Aquitania,
1732 4160 1883 4221 dum
1952 4157 2231 4222 Pictavis
2297 4158 2640 4231 exularem,

667 4262 907 4336 eadem,
936 4282 1125 4343 quam
1153 4271 1465 4325 nostrates
1490 4270 1944 4337 contestantur,
1975 4261 2338 4325 Normanni
2369 4260 2636 4323 Comitis

3134 494 3182 620 ...h
